4100 5284
1175 278 1778 438 'umnam
1842 341 2710 436 ORCADENSIUM
2903 329 2960 352 ··
3244 359 3291 453 3
3312 360 3350 430 ι
3363 359 3441 480 7,

510 595 594 683 ei
627 594 1352 707 appropinqvarent
1370 610 1619 680 extra
1647 611 1976 704 pontem
2016 592 2449 701 exfiliendo
2465 652 2487 694 ,
2533 587 2970 691 inlutum,
3015 587 3234 700 qvod
3229 582 3427 697 sub·
3480 583 3562 653 A.
3585 581 3673 654 D·

511 746 656 815 tus
701 745 886 815 erat
900 796 923 836 ,
955 727 1573 812 demittebatur.
1641 759 1646 764 ’
1708 727 2262 816 Accurrebant
2299 724 2481 830 ejus
2518 717 2835 832 1ὴρᾱίτί
2864 718 2968 810 &³
2993 721 3143 807 ubi
3170 716 3425 832 ipsum
3454 703 3506 776 -Ῑ
3534 702 3574 771 ¹
3591 698 3710 793 54

483 877 1066 954 -extraxerunt
1079 924 1102 966 ‚
1145 860 1511 973 singulis
1542 858 1891 970 vestibus
1936 884 2235 956 exuere
2264 875 2464 968 opus
2512 855 2985 964 habebant5
3041 855 3431 969 postridie

513 979 695 1081 cum
742 991 1037 1105 adeffi’t
1051 1052 1074 1082 ‚
1139 992 1409 1105 casum
1436 996 1781 1080 audiens
1797 1054 1820 1098 ,
1866 992 2155 1081 Comes
2187 989 2538 1104 subrifit
2591 990 3039 1100 cecinitqve
3054 1016 3084 1074 .·

894 1256 1100 1344 Non
1176 1252 1365 1342 vult
1427 1256 1747 1344 amicus
1803 1281 2037 1344 meus
2096 1253 2591 1358 acclamare,

896 1391 1341 1524 cogebatur
1401 1433 1649 1518 neqve
1708 1410 1804 1493 in
1862 1407 2136 1493 lutum
2203 1408 2609 1534 decidere',

899 1566 1443 1674 propinqvum
1521 1577 1707 1646 erat
1769 1560 1894 1645 ibi
1957 1584 2356 1673 magnum

909 1716 1465 1816 infortunium
1521 1709 1822 1797 medio.

908 1869 1104 1955 Non
1170 1886 1373 1979 puto
1440 1893 1623 1953 eum
1686 1881 1884 1951 tunc
1942 1864 2216 1951 videri

908 2021 1266 2109 Comitis
1335 2015 1666 2130 affinem
1724 2042 1908 2103 cum
1969 2018 2052 2102 ei
2117 2011 2446 2126 inficias
2507 2017 2776 2124 irent,

907 2170 1217 2284 (lutum
1279 2176 1509 2259 cadit
1570 2171 1980 2256 cinereum
2040 2170 2138 2258 in
2209 2165 2553 2273 ritanus)

907 2324 1258 2412 hilarem
1326 2320 1652 2416 lmboli.

513 2513 851 2630 Accidit
889 2519 1134 2628 paulo
1174 2516 1341 2630 post
1388 2502 1572 2606 cum
1623 2543 1729 2605 ex
1774 2514 1974 2603 urbe
2000 2517 2586 2632 egrederentur
2604 2535 3005 2633 perqvam
3038 2517 3258 2607 ebrii
3269 2582 3311 2624 ν
3326 2532 3428 2605 ut

508 2649 572 2763 J
576 2677 750 2735 onae
775 2648 1011 2735 Pedis
1058 2652 1388 2759 subditi
1434 2651 1693 2763 ipsum
1711 2651 1981 2763 sblum
2035 2654 2633 2763 desiderarent5
2691 2651 2905 2764 mtffi
2931 2652 3230 2765 statim
3277 2654 3424 2761 qvi

507 2810 716 2908 ‘eum
761 2803 1212 2898 qvaererent
1233 2848 1256 2890 ,
1318 2783 1611 2873 nullibi
1699 2788 1783 2872 in
1791 2789 2142 2873 veniunt
2157 2849 2181 2891 ‚
2228 2786 2466 2873 noc‘lu
2511 2772 2791 2875 eutem
2828 2791 2919 2874 in
2962 2787 3432 2872 continente

519 2943 878 3029 ,qvaerere
919 2945 1078 3005 non
1140 2919 1491 3006 licitum.
1623 2919 1908 3034 Prima
1955 2946 2146 3006 vero
2214 2915 2708 3031 inseqventis
2770 2920 2939 3005 diei
2980 2917 3162 3004 luce
3212 2916 3434 3029 apud

521 3073 847 3136 murum
902 3051 1143 3137 urhis'
1192 3051 1533 3161 occisum
1582 3059 2038 3169 reperiunt,
2102 3076 2389 3137 verum
2451 3051 2549 3136 de
2593 3053 2836 3137 caedis
2893 3067 3181 3137 autore
3225 3060 3420 3134 nu‘n-

411 3213 416 3220 ·
498 3209 772 3294 qvam
834 3188 1223 3271 certiores
1275 3190 1750 3271 redduntur.
1822 3198 1829 3205 ’
1942 3171 2219 3272 Funus
2270 3182 2455 3293 ejus
2502 3186 2724 3295 apud
2759 3186 3010 3271 aedem
3048 3179 3426 3292 fiendam

525 3313 836 3427 honeste
852 3314 1288 3429 sepeliunt.
1416 3315 1868 3427 Discedunt
1902 3318 2193 3404 exinde
2224 3316 2635 3429 delatiqve
2678 3319 2796 3406 ad
2812 3317 3130 3406 boreale
3163 3314 3426 3428 AEgis·

520 3447 683 3532 nefi
739 3449 970 3538 latus
1025 3452 1349 3563 aliqvot
1423 3450 1694 3540 noctes
1770 3454 1862 3536 iu
1939 3447 2317 3536 anchoris
2390 3468 2732 3539 ventum
2757 3515 2779 3557 ,
2867 3453 3009 3565 qvi
3084 3478 3219 3543 eos
3272 3472 3429 3564 per
3476 3528 3483 3538 .

520 3608 751 3670 mare
807 3583 1447 3694 septentrionem
1526 3581 1805 3696 versus
1868 3581 2627 3693 Constantinopolin
2652 3631 2663 3642 ·
2690 3584 3047 3696 deferret
3064 3649 3089 3691 ,
3166 3585 3426 3698 exspe-

525 3714 778 3800 Elant.
904 3716 1355 3824 Instituunt
1416 3735 1612 3803 tunc
1673 3718 2302 3830 navigationem
2366 3717 3064 3828 exqvifittffimam
3081 3719 3427 3830 stamma

525 3876 707 3934 cum
754 3862 1056 3961 pompa
1117 3877 1365 3962 qvam
1422 3849 1862 3961 adhibutſje
1894 3849 1900 3855 ’
1938 3845 2250 3958 scivere
2331 3847 2784 3962 sigurdum
2836 3847 3432 3963 'Hierosolymi-

524 4003 824 4091 petam.
984 3983 1192 4069 Cum
1271 3984 1600 4071 boream
1674 3982 1952 4090 versus
2014 4000 2170 4094 per
2240 4008 2471 4071 mare
2534 3980 2854 4095 cursum
2917 3985 3380 4099 dirigerent
3398 4044 3430 4091 ,

525 4118 832 4234 ‘cecinit
910 4114 1508 4228 R6gnvalldus:

1985 4194 2074 4354 'R
2100 4293 2145 4354 r
2206 4284 2253 4377 3
2906 4215 2913 4226 .
3171 4269 3424 4361 Veha·
