4100 5284
1065 390 1615 487 HISTORIA
1668 389 2550 482 ORC'ADENSIUM
3133 405 3266 500 99·

351 647 623 758 [ionem
651 643 1315 732 reconciliationi
1341 640 1687 753 resistere
1691 640 2046 749 sineret,
2100 640 2314 725 unde
2329 642 2432 724 in·
2455 635 2965 726 concordiam
2995 635 3264 724 adhuc
3293 635 3383 702 Ἀ·
3410 637 3510 712 D2.

355 784 714 868 bonorum
744 781 1126 865 virorum
1166 776 1489 884 consilio
1519 774 2142 859 reducebantur.
2269 772 2443 885 Post
2477 774 2644 859 haec
2675 772 2978 856 Hacon
3010 800 3116 858 ex
3135 773 3251 856 in·
3276 729 3549 922 &1557

334 911 542 1025 stilis·
611 911 1072 1023 discedebat
1143 907 1249 998 ΕΤ
1294 895 1673 1019 primum
1730 909 2136 992 orientem
2202 902 2488 1015 versus·
2562 909 2654 990 in
2735 906 3264 1017 Norvegiam
3432 861 3548 944 qq*

350 1049 655 1135 delatus
681 1111 704 1152 ‚
804 1047 1112 1159 Regem
1208 1041 1510 1127 Olaum
1612 1042 1875 1152 Kyrre
1898 1104 1920 1144 ‚
2012 1043 2243 1125 circa
2337 1042 2590 1154 regni
2671 1042 2925 1151 ipfius
2985 1037 3268 1151 finem

348 1182 867 1268 conveniebat
883 1242 905 1283 ‚
1000 1178 1213 1263 unde
1273 1178 1446 1286 poll
1544 1176 2023 1287 aliqvantas
2120 1171 2396 1261 moras
2479 1177 2892 1263 orientem
2974 1172 3269 1286 versus·

357 1318 443 1399 in
492 1315 857 1399 Svetiam
901 1312 1208 1425 Regem
1262 1311 1599 1420 lngium
1644 1305 2072 1392 Steinkelis
2109 1306 2406 1417 filium
2440 1309 2735 1422 petiit,
2816 1310 2921 1396 ab
2980 1313 3270 1396 eodem·

350 1441 821 1533 humaniter
867 1462 1294 1557 exceptu55
1362 1444 1537 1529 heic
1581 1447 1893 1559 amicos
1930 1442 2454 1557 &cognatos
2498 1446 2982 1530 conveniens
2996 1508 3018 1550 ,
3070 1463 3269 1556 pro·

338 1600 523 1693 pter
555 1611 650 1669 ea
678 1584 891 1693 qvod
911 1601 1131 1664 avus*
1151 1595 1583 1666 maternus
1615 1581 1914 1663 amicis
1928 1578 2224 1662 beatus
2257 1576 2482 1687 efflet,
2530 1582 2995 1665 maximum
3026 1580 3267 1668 hono·-

352 1744 521 1801 rem
561 1716 1040 1826 reportabat
1055 1743 1093 1822 ,·
1127 1711 1612 1822 conceffi’rat
1641 1711 1776 1822 isti
1794 1710 2381 1821 praefezfluram-
2415 1716 2830 1822 qvondam
2873 1707 3259 1797 Steinkell

351 1851 526 1935 Rex
558 1850 860 1933 Sveciae
895 1850 1081 1933 inde
1102 1847 1336 1931 abeo
1354 1864 1747 1957 tempore,
1777 1872 1929 1958 qvo
1965 1872 2027 1931 a
2054 1873 2258 1961 rege·
2284 1844 2681 1931 Haralldo
2707 1844 3033 1956 Sigurdi
3070 1875 3270 1932 exn--

350 1982 619 2070 latum
644 1987 947 2073 iverat.
1012 1982 1368 2068 Interim
1412 1982 1651 2095 regis
1670 2007 1813 2068 nec
1842 2006 2005 2068 non
2031 1983 2624 2094 indigenarum
2642 1979 3135 2085 amicitiam,
3155 1978 3257 2069 &³

358 2121 748 2204 intimum
760 2117 1479 2228 amoremadeptus
1491 2115 1621 2227 est.
1682 2113 1940 2201 Alter
1962 2115 2322 2202 Comitis
2333 2114 2707 2198 Haeonis
2730 2114 2938 2200 Ivari
2957 2110 3270 2225 exfilia-

353 2272 586 2364 nepos
618 2270 804 2339 erat
822 2251 1121 2336 Haeon
1148 2250 1605 2361 Norvagus
1633 2248 1940 2354 dicius,
1964 2267 2219 2361 pater
2249 2248 2468 2334 Erici
2492 2249 2807 2362 Spakii,
2837 2253 2989 2361 qvi
3020 2250 3267 2335 Erico

349 2384 712 2497 Eymuni
730 2389 822 2473 in
839 2415 1089 2502 regno
1103 2385 1381 2470 Daniae
1368 2381 1768 2495 succeffit.
1838 2383 2138 2469 Hacon
2169 2389 2626 2498 ad‘tempus
2639 2390 2730 2472 in
2748 2387 3031 2472 Svecia
3060 2379 3264 2473 com·
3310 2440 3318 2447 -

348 2524 837 2609 morabatur
861 2525 925 2607 d
967 2523 1187 2636 Rege
1215 2520 1459 2631 Ingio
1484 2521 1682 2605 bene
1714 2517 2105 2628 offellum
2174 2522 2320 2606 ubi
2356 2540 2640 2608 autem
2674 2517 3267 2636 aliqvantisper

356 2658 485 2741 ita
499 2656 1009 2766 procefflzrat,
1039 2656 1357 2740 natalis
1356 2653 1540 2763 soli
1552 2654 1881 2740 dulcedo
1907 2681 2097 2740 eum
2115 2657 2229 2741 ad
2253 2657 2729 2766 repetendas
2757 2655 3068 2765 insulas
3096 2658 3270 2742 alli-

355 2791 641 2874 ciebat.
718 2860 723 2864 .
835 2790 1050 2894 Erat
1095 2793 1187 2873 in
1230 2787 1512 2873 Sveeia
1563 2788 1710 2874 hoc
1752 2805 2115 2900 tempore
2171 2794 2507 2876 tenellus
2555 2790 3225 2897 Christianismus
3242 2851 3270 2891 ,

355 2924 563 3007 unde
598 2910 852 3006 multi
882 2925 1507 3008 incantamenta
1536 2924 2029 3008 exercebant
2045 2985 2069 3026 ‚
2137 2941 2557 3031 eapropter
2591 2926 2804 3033 qvod
2841 2925 2968 3007 his
2989 2947 3269 3008 rerum

333 3053 843 3161 futurarum
873 3053 1476 3166 praescientiam
1486 3057 1660 3166 sibi
1691 3057 2116 3163 acqvirere
2143 3057 2647 3139 viderentur.
2775 3058 2962 3140 Rex·
2991 3057 3080 3137 l'n
3088 3059 3176 3165 gt*
3179 3080 3271 3136 us

351 3206 632 3299 utpote
646 3189 1083 3298 christiana
1100 3190 1493 3304 religione
1512 3188 1761 3300 probe
1777 3185 2179 3287 imbutus,
2227 3181 3074 3298 omnes-fascinatores
3093 3188 3275 3288 abo·

355 3323 848 3407 minabatur
867 3385 889 3427 ,
939 3322 1043 3411 ἔθ’
1074 3321 1535 3435 insolentiis
1551 3386 1574 3428 ‚
1616 3349 1792 3434 qvae
1826 3318 2406 3436 gentilismum
2431 3323 2576 3406 diu
2573 3319 2894 3434 Jecutae
2898 3320 3276 3431 fuerant,

355 3454 777 3540 abolendis
818 3483 1070 3571 magn
1078 3476 1305 3567 opere
1323 3457 1733 3566 studebat,
1790 3458 2193 3568 primores
2231 3472 2513 3541 autem
2545 3456 2643 3546 ΕΞ*
2658 3459 2937 3547 incolae
2970 3463 3278 3546 divites

354 3616 543 3673 cum
587 3590 796 3673 mali
842 3618 1122 3678 eorum
1167 3618 1440 3676 mores
1487 3590 2267 3701 reprehenderentur
2306 3596 2945 3678 murmurabant
2959 3656 2979 3696 ,
3044 3591 3147 3680 δ’
3187 3590 3278 3677 eo

356 3748 619 3831 usqve
666 3726 1243 3822 deveniebant,
1305 3742 1404 3809 ut
1452 3723 1715 3842 alium
1744 3750 2023 3837 regem
2049 3785 2072 3825 ,
2137 3722 2526 3810 Sveinem
2560 3729 2868 3839 reginae
2879 3726 3279 3835 fratrem,

355 3850 955 3941 Blot·Sveinen1
989 3855 1298 3944 dicium
1314 3921 1337 3962 ,
1399 3861 1542 3969 qvi
1567 3874 1764 3944 tunc
1765 3854 2046 3968 sacris
2074 3857 2414 3967 indulsit
2431 3922 2454 3963 ,
2520 3860 3006 3969 afficmerent
3025 3922 3045 3963 ‚
3079 3885 3274 3974 rege

357 3987 449 4072 In
458 3990 603 4100 gio
652 3991 761 4076 ab
809 3990 952 4078 hoc
977 3995 1076 4076 in
1125 3990 1521 4078 Gothiam
1568 3993 2150 4077 occidentalem
2193 3991 2606 4078 exulante.
2734 3994 2945 4080 Eum
2998 4012 3282 4080 autem

340 4121 614 4233 finem
664 4124 1074 4210 habebant
1126 4151 1405 4211 eorum
1474 4128 1810 4240 negotia
1832 4189 1854 4228 ‚
1959 4140 2060 4210 ut
2107 4124 2287 4208 Rex
2344 4124 2654 4234 lugius·
2690 4128 2996 4241 Regem
3068 4128 3285 4212 Sveie

362 4282 562 4341 nem
598 4259 908 4348 aedibus
955 4256 1355 4364 inclusum
1385 4259 1912 4367 interciperet
1946 4241 2601 4371 combureretqve
2626 4323 2649 4365 ‚
2714 4290 2864 4373 qvo
2884 4261 3118 4372 facto
3171 4279 3288 4345 to·

372 4407 558 4476 tum
587 4417 932 4508 regnum
949 4392 1467 4501 recuperavit
1497 4388 1601 4480 ΕΤ
1620 4398 1905 4478 varios
1936 4393 2200 4479 adhuc
2210 4411 2520 4505 pravos
2545 4421 2812 4484 mores
2840 4395 3066 4483 abole
3078 4400 3234 4483 vita·

1801 4634 2018 4722 ΝΞ
2549 4648 2568 4656 ’
3134 4619 3296 4721 De
