4100 5284
1030 405 1570 500 HlszIA
1668 402 2542 499 oRcADEstvM
3082 425 3212 519 97

316 678 579 742 eorum
610 653 1235 764 humamffimus
1247 674 1468 768 erat,·
1503 654 1627 741 Hi
1660 682 1942 743 omnes
1979 657 2156 742 viri
2178 658 2492 770 magni,
2503 652 2785 764 sortes
2816 656 3223 740 omnibus·
3278 657 3357 724 A.
3374 654 3468 726 D:

315 817 451 899 qve
494 791 830 874 artibus
868 791 1067 876 bene
1128 793 1441 876 imbuti
1465 790 1740 895 fuere.
1868 790 2170 904 Haeqn
2218 787 2441 876 Pauli
2464 785 2714 901 filius
2743 788 3221 897 fratribus,
3256 751 3494 860 1067

314 939 577 1032 utpote
587 921 821 1035 filiis
845 922 1180 1010 Erlendi
1191 920 1597 1041 sangvine
1611 923 1996 1028 nobilior,
2016 942 2209 1010 erat
2231 928 2454 1010 enim
2472 926 2824 1012 Comitis
2841 923 3224 1010 Hakonis
3244 863 3310 940 ἃ
3333 859 3508 963 seqq.

316 1054 551 1140 Ivaris
575 1057 769 1168 filii
816 1056 919 1147 ΕΤ
942 1055 1460 1169 Ragnhildae,
1502 1062 1733 1173 regis
1762 1058 2061 1168 Magni
2114 1059 2315 1143 Boni
2335 1060 2583 1170 filiae,
2652 1054 2912 1167 efilia
2940 1079 3217 1171 nepos,

305 1191 608 1302 praeeffe
637 1194 1042 1303 cupiebat,
1065 1192 1168 1282 Εἴ
1193 1193 1436 1303 ipsius
1467 1195 1777 1282 amicos
1801 1193 2081 1301 majus
2107 1195 2438 1298 ibidem,
2476 1220 2757 1311 qvam,
2821 1213 3226 1309 qvantum

312 1326 415 1408 ad
417 1320 666 1435 filios
717 1324 1049 1410 Erlendi
1070 1396 1094 1436 ,
1157 1329 1453 1413 iisdem
1481 1329 1919 1414 cedendum
1933 1391 1956 1432 ,
2020 1343 2448 1438 reportare
2483 1329 2859 1440 cupiebat
2873 1393 2895 1435 ,
2932 1327 3214 1414 Etleu-

312 1455 459 1542 dus
519 1478 811 1545 autem
843 1456 1090 1570 filios
1128 1458 1340 1571 suos
1383 1460 1820 1571 inferiores
1863 1461 2017 1572 effi.»
2054 1461 2383 1548 nolebat
2399 1525 2423 1567 ,
2488 1465 2701 1549 unde
2740 1490 2879 1551 res
2909 1466 3220 1575 edlper-

309 1598 567 1699 venit,
637 1612 737 1679 ut
742 1595 923 1704 sine
943 1595 1300 1706 periculo
1328 1623 1462 1683 eos
1478 1592 1944 1706 conversari
1966 1623 2126 1682 non
2151 1612 2435 1682 tutum
2461 1596 2654 1706 effi’t
2662 1629 2696 1709 ,-
2716 1599 2905 1685 hinc
2922 1616 3220 1710 patres

310 1730 392 1811 in
406 1754 497 1814 eo
526 1728 1140 1837 censentiebant
1158 1747 1259 1814 ut
1284 1728 1610 1840 caufitm
1628 1746 1931 1840 pacate
1965 1732 2568 1844 transigerent,
2601 1729 2886 1844 sedin
2904 1733 3252 1852 statuto,

310 1881 706 1951 conventu
718 1926 741 1967 ,
790 1889 973 1949 cum
990 1880 1429 1975 utrumqve
1445 1865 1536 1948 in
1541 1881 1871 1974 partem
1863 1863 2019 1974 fili
2018 1889 2275 1968 orum,
2296 1892 2457 1950 non
2473 1869 2966 1970 concordem,
2985 1866 3218 1953 accli-

312 2022 504 2082 nare
536 1977 1005 2108 appareret,
1068 1995 1414 2108 diffidiis
1442 1998 2010 2107 interfratres
2024 2001 2263 2103 ortis,
2299 1999 2709 2086 discordes
2724 2064 2746 2104 ,
2780 2003 2997 2111 qvod
3008 1999 3223 2100 mid-5

315 2133 385 2216 ti
436 2157 840 2249 magnum
880 2132 1379 2246 reputabant
1425 2135 2022 2220 detrimentum
2039 2194 2066 2241 ,
2128 2134 2236 2220 ab
2299 2135 2658 2222 invicem
2720 2131 3153 2248 disceffizre.

875 2574 1667 2711 Conventus
1753 2572 2138 2746 pacis
2230 2578 2655 2712 causa.

237 3049 245 3056 ·
310 2843 543 3039 Post
602 2927 756 3017 hac
813 2934 991 3017 viri
1046 2933 1425 3048 benigni,
1486 2935 2247 3021 reconciliationem
2280 2936 2705 3042 qvaerendo
2719 2996 2742 3036 ,
2793 2951 2928 3019 eos
2969 2903 3223 3015 inter-

308 3063 731 3168 cedebant,
793 3068 1007 3152 unde
1037 3069 1128 3152 in
1143 3068 1474 3178 statuto
1526 3068 1619 3150 in
1649 3065 2019 3150 Hrosseia
2069 3083 2510 3169 conventu,
2574 3092 2664 3150 eo
2718 3066 2951 3149 modo
2995 3066 3220 3146 inter

312 3199 513 3310 ipsos
545 3198 1062 3286 transactum
1092 3201 1200 3311 est
1215 3263 1239 3305 ,
1302 3217 1407 3287 ut
1450 3194 1735 3309 infitlae
1784 3201 1876 3285 in
1928 3199 2139 3286 duas
2158 3215 2451 3309 partes
2495 3193 2846 3309 aeqvales
2859 3257 2883 3300 ,
2944 3191 3224 3307 qvales

308 3330 757 3418 Thorfinni
843 3333 1089 3420 Brufii
1167 3353 1528 3447 tempore
1604 3332 2007 3445 fuerant,
2114 3335 2689 3425 dividerentur
2722 3395 2745 3437 ,
2807 3332 3023 3445 qvod
3079 3328 3228 3415 ali-

306 3469 705 3580 qvamdiu
738 3494 896 3555 non
926 3468 1428 3555 violabatur.
1556 3467 1647 3556 H
1652 3496 1857 3554 acon
1902 3470 2200 3557 exinde
2214 3532 2237 3573 ,
2278 3470 2427 3554 ubi
2450 3471 2568 3554 ad
2588 3484 3018 3554 maturam
3047 3483 3224 3575 per·

302 3604 539 3686 ‘venit
570 3617 948 3706 aetatem',
975 3604 1365 3713 piraticae
1391 3605 1771 3689 continuo
1804 3621 2131 3711 operam
2170 3603 2544 3688 navabat
2560 3665 2582 3705 ,
2624 3603 2835 3687 unde
2873 3600 2989 3684 ad
3006 3593 3219 3703 sedi·

310 3736 581 3821 tiones
612 3734 851 3821 valde
885 3735 1334 3837 inclinans,
1372 3729 2196 3845 patrisfiliormuqve
2210 3731 2603 3853 subditos
2630 3732 2988 3819 multum
3021 3730 3218 3818 irri-

308 3870 590 3971 tabat,
654 3884 1139 3979 qvapropter
1163 3896 1300 3955 res
1327 3868 1586 3955 adhuc
1611 3896 1700 3955 eo
1731 3870 1988 3972 venit,
2027 3884 2129 3953 ut
2168 3871 2581 3958 discordes
2583 3865 3221 3977 freqventesqve

310 4002 1012 4116 congrederentur.
1140 4000 1351 4088 Cum
1373 3999 1771 4088 Havardo
1797 4001 2176 4108 Gunneri
2210 4007 2490 4089 caeteri
2516 4027 2801 4090 omnes
2824 4002 3220 4094 comitum

309 4139 758 4245 optimates
785 4134 1043 4222 adhuc
1076 4138 1174 4222 de
1201 4135 1868 4224 reconciliatione
1903 4132 2428 4242 conferebant
2443 4197 2467 4239 ,
2529 4161 2774 4246 qvam
2802 4131 3222 4245 ErlinguS,

310 4293 658 4352 unacum
665 4266 896 4380 filiis
910 4330 932 4373 ,
980 4270 1073 4377 fi
1108 4268 1409 4356 Hacon
1430 4273 1523 4354 in
1554 4267 1844 4379 insulis
1873 4285 2279 4374 maneret,
2311 4285 2727 4379 acceptare
2763 4270 3218 4381 recusabat,-

316 4425 495 4485 cum
540 4419 825 4487 autem
872 4404 1173 4488 amicis
1214 4403 1749 4516 litigantium
1795 4428 1995 4489 cura
2031 4400 2400 4512 difficilis
2417 4402 2563 4515 ff’
2576 4406 3025 4507 videretur,
3042 4420 3225 4513 pre·

304 4533 540 4623 cibm
576 4535 685 4626 ab
738 4534 1087 4629 Hacone
1120 4538 1689 4654 impetrabant
1704 4598 1728 4640 ,
1757 4562 1857 4621 ne
1888 4538 2133 4647 ipstus
2158 4536 2310 4630 hac
2338 4540 2516 4629 vice
2556 4542 2649 4626 in
2680 4535 2973 4649 insulis
2997 4560 3224 4622 man·

1740 4667 1835 4762 N
2907 4670 3222 4787 sionem
