4100 5284
1228 393 1768 488 HISTURIA
1863 391 2734 490 ORCADENSIUM·
3228 411 3286 507 '3
3304 410 3422 506 39

509 649 607 734 in
667 641 982 756 infidas
1031 623 1253 729 ¹nunc
1284 637 1705 754 stcstepiffi‘
1717 673 1755 753 ,-
1817 643 2247 759 Regerunt
2302 642 2715 751 domestici
2770 643 2955 729 veri
2996 666 3160 732 non
3196 621 3427 751 'fimi-
3473 653 3559 726 Α.
3582 651 3674 720 D.

505 780 584 868 le
615 779 760 891 effi‘
795 776 1376 889 tempestatum·
1393 777 1877 887 instantium
1933 777 2195 888 caula.
2316 776 2660 886 Adjicit
2700 773 3005 861 Sveinn
3020 837 3043 880 ,
3093 774 3185 883 se
3210 772 3429 885 fhire
3458 771 3498 842 1
3522 770 3562 841 1
3578 768 3623 860 5
3637 742 3703 834 6

507 917 624 1002 iis
687 917 821 1001 ita
854 914 1148 999 videri.
1274 911 1471 998 Non
1491 973 1515 1016 ‚
1579 913 1892 1023 inqvit‚
1949 914 2072 999 ad
2112 913 2621 1027 mittendum
2641 911 2848 1021 Jam
2876 910 3172 998 comiti
3222 935 3428 996 nun-

507 1054 728 1138 cium
759 1045 1039 1161 solum
1083 1047 1360 1131 animi
1395 1043 1892 1161 praesagium
1948 1073 2080 1133 me
2135 1035 2531 1158 impelletss
2588 1048 2973 1156 qvamvis
3034 1062 3233 1156 opus
3282 1040 3429 1152 eff’

517 1200 961 1272 autumem·
1087 1180 1285 1268 Non
1346 1180 1442 1264 de
1469 1180 1608 1265 his
1629 1180 1883 1293 plura
1895 1211 1931 1291 ,·
1996 1181 2298 1267 hibunt
2314 1197 2421 1267 ut
2444 1198 2722 1266 antea.
2848 1175 3212 1289 Sufiepit
3221 1193 3426 1263 tem·

499 1336 697 1431 pore
745 1315 808 1430 J
811 1312 1050 1399 ulenfi
1113 1316 1206 1399 in
1241 1309 1600 1400 Orcadas
1673 1316 1847 1400 iter
1876 1316 2168 1404 Comes
2217 1310 2654 1410 Haralldus
2664 1343 2702 1422 ,-
2762 1311 3121 1399 habebat
3155 1331 3414 1399 naves

508 1469 865 1565 qvatuor
906 1445 1011 1538 &²
1050 1463 1503 1534 nautarum
1530 1464 1887 1536 centum,
2012 1450 2268 1559 Apud
2291 1448 2724 1556 Gareksey
2778 1449 2993 1533 duas
3024 1442 3297 1535 nofles
3330 1447 3428 1532 in

499 1586 894 1706 ‘anchoris
911 1583 1222 1697 stabat.
1416 1582 1515 1667 In
1548 1577 2194 1695 Hafnarvogum
2212 1586 2318 1669 in
2352 1580 2709 1691 Hroffey
2744 1588 3169 1693 appellunt.
3294 1582 3432 1666 Pe·

519 1736 718 1805 tunt
748 1719 1064 1805 decima
1103 1717 1372 1804 tertia
1404 1713 1468 1828 J
1470 1712 1825 1800 uliorum
1880 1719 2013 1805 die
2056 1714 2487 1802 Fiordum.
2652 1713 3082 1826 Orkhaugi
3138 1712 3435 1823 fbstum

514 1848 843 1966 Julense'·
903 1853 1395 1964 transigunt
1410 1910 1434 1953 ‚
1507 1849 1642 1935 hic
1722 1877 1828 1936 ex
1911 1853 2026 1937 iis
2104 1854 2258 1939 duo
2316 1868 2600 1939 mente
2657 1854 3108 1962 capiuntur
3121 1912 3146 1955 ,
3223 1851 3436 1955 qvod

515 1971 688 2074 iter
735 1985 1259 2097 aliqvantum
1288 1985 1653 2094 impedit.
1777 1985 2167 2074 Provecfla
2195 2003 2382 2073 erat
2410 2011 2584 2071 nox
2624 2012 2810 2071 cum
2876 1981 3279 2069 Fi6rdum
3308 2010 3436 2070 ve·

513 2122 823 2210 nirent.
943 2117 1338 2205 Audiunt
1372 2116 1552 2204 heic
1596 2116 2010 2207 Comitem
2040 2115 2498 2206 Erlendum
2521 2120 2618 2205 in
2643 2144 2901 2206 naves
2944 2111 3230 2225 exitffl·
3249 2179 3272 2222 ,
3301 2116 3437 2204 he·

508 2254 773 2368 sterno
817 2272 1105 2341 autem
1149 2254 1285 2341 die
1345 2254 1439 2339 in
1481 2255 1992 2340 continentis
2033 2256 2268 2344 domo
2315 2256 2668 2368 qvadam
2707 2251 3039 2364 potaffi’.
3222 2250 3439 2339 Heic

522 2390 809 2478 Comes
853 2383 1286 2473 Haralldus
1342 2413 1532 2474 cum
1559 2383 1744 2498 fuis
1783 2390 1990 2476 duos
2032 2392 2371 2496 occidit,
2412 2415 2756 2501 qvorum
2795 2389 3015 2474 alter
3063 2384 3438 2502 Ketillus,
3512 2381 3517 2392 “

522 2550 815 2613 verum
853 2522 1075 2610 alter
1092 2548 1257 2610 non
1281 2523 1767 2608 nominatur
1779 2551 1817 2632 ,-
1883 2523 2250 2637 Cupiunt
2280 2542 2635 2638 qvatuor
2648 2587 2669 2629 ,
2695 2521 3208 2610 Arnfinnum
3226 2547 3442 2608 neut-

475 2685 494 2708 ·
519 2677 621 2772 pe
689 2657 1066 2769 fratrem
1143 2653 1557 2767 Anakoli3
1657 2656 2026 2744 alterum
2116 2661 2448 2748 nomine
2530 2654 2993 2744 Liotolfum
3029 2720 3052 2762 ,
3132 2673 3448 2769 praeter

523 2791 739 2880 alios
768 2794 994 2879 duos.
1119 2790 1368 2878 Redit
1398 2792 1489 2876 in
1525 2786 1998 2876 Thorsaiam
2031 2792 2324 2879 Comes
2356 2789 2793 2877 Haralldus
2827 2790 2932 2881 Εἴ
2948 2786 3442 2877 Thorbi6rn

526 2923 843 3012 Klerkr.
992 2925 1334 3013 Fratres
1391 2921 1874 3011 BenediEfus'
1950 2923 2056 3015 δ’
2106 2925 2402 3012 Ericus
2465 2923 3154 3037 Lambaburgum
3228 2925 3443 3011 Arn-

528 3063 849 3151 fumum
865 3056 1137 3170 speum
1170 3060 1600 3151 deducunt.
1723 3061 1829 3146 N
1827 3057 2008 3145 oe‘lu
2008 3058 2320 3168 statim
2365 3087 2554 3146 cum
2580 3059 2900 3171 hostiles
2931 3076 3212 3148 motus
3234 3087 3443 3148 com·

522 3200 837 3310 periret
848 3194 1134 3282 Comes
1145 3189 1576 3299 Erloudus²
1591 3196 1983 3280 nuncium
2013 3195 2159 3304 qvi
2181 3191 2995 3303 sveiniindicaretin
3008 3191 3440 3305 Gareksey

532 3331 860 3420 mittin
913 3325 1046 3412 hic
1077 3323 1499 3436 produetis
1540 3329 1858 3438 raptim
1888 3328 1982 3413 in
2014 3353 2255 3415 mare
2292 3307 2688 3432 navibus,
2742 3330 3140 3418 comitem
3164 3325 3450 3415 'Etleu-

461 3464 480 3483 “
540 3461 745 3548 dum
764 3525 788 3566 ,
833 3479 938 3547 ut
986 3477 1135 3570 per
1153 3462 1553 3546 nuncium
1593 3478 2085 3575 rogaverat,
2140 3461 2659 3553 convenit&
2701 3465 2847 3550 diu
2878 3463 3206 3574 -hyemis
3233 3464 3460 3576 apud

538 3596 796 3709 ipsum
835 3595 933 3678 in
968 3592 1325 3681 navibus
1362 3612 1762 3681 moratur.
1891 3593 2371 3682 Benedifi'tus
2401 3597 2898 3707 cumfratre
2934 3599 3222 3686 mittit
3244 3623 3450 3684 nun·

536 3733 756 3817 cium
774 3789 797 3831 ‚
858 3724 1367 3812 Arnfinnum
1409 3754 1512 3813 ea
1528 3724 1798 3836 [olum
1832 3733 2301 3836 conditione
2339 3731 2757 3840 dinastiam
2779 3735 2981 3838 fore
2998 3796 3021 3835 ,
3063 3730 3453 3843 silcomes

539 3857 945 3951 Erlendus
978 3885 1161 3944 cum
1195 3859 1396 3945 aliis
1414 3921 1437 3963 ‚
1502 3886 1798 3947 navem
1820 3866 2049 3973 apud
2074 3861 2631 3949 Kiarekstados
2659 3882 2993 3975 captam
3008 3928 3031 3969 ,
3063 3864 3457 3974 fratrum

529 3993 1063 4116 poffbffionem
1080 4056 1102 4096 ‚
1161 3993 1352 4103 ipsis
1399 3992 1878 4104 restitueret.
2047 3997 2333 4087 Voluit
2388 4001 2726 4085 dimitti
2782 4025 3082 4084 navem
3128 3999 3457 4101 Comes,

547 4125 875 4221 Anakol
935 4153 1127 4213 vero
1205 4126 1687 4215 dehortatus
1743 4130 1856 4239 est
1871 4192 1894 4235 ‚
1967 4130 2331 4243 afferens
2392 4130 2896 4217 Arnfinnum
2939 4132 3237 4245 absqve
3309 4131 3459 4220 hac

552 4287 793 4379 opera
804 4261 1048 4371 forte
1074 4257 1532 4370 evasurum.
1651 4263 1877 4355 Erat
1932 4270 2067 4351 die
2112 4269 2547 4355 .Mercurii
2579 4269 2971 4379 proxima
3020 4286 3216 4357 ante
3238 4269 3466 4380 jeju·

1921 4397 2005 4485 U
2037 4426 2097 4483 u
2166 4420 2218 4488 2
3232 4408 3466 4492 nium

1645 4591 1661 4644 Ι
1785 4635 1794 4646 .
