4100 5284
1030 401 1575 500 memma
1661 402 2536 499 oRcADENSIUM.
3123 415 3257 525 75

317 652 487 768 filii
530 650 907 766 capiebat
954 669 1057 740 ut
1102 657 1521 765 parietem
1570 656 1974 767 qvendam
2026 656 2571 768 testudineum
2612 654 3052 773 frangeret
3097 658 3248 745 ibi·
3304 664 3390 731 A·
3422 661 3512 731 D-

334 793 652 901 demqve
682 806 1195 893 excurreret,
1259 815 1602 875 uxorem
1634 789 2207 910 Ingibiorgam
2244 794 2337 878 in
2384 791 2756 878 brachiis
2815 797 3245 905 coHocan53
3298 756 3538 868 1046

335 940 566 1009 erant
662 940 945 1008 autem
1036 922 1395 1008 tenebrae
1488 922 1953 1035 denstffimae
1976 988 2002 1031 ,
2101 929 2346 1013 unde·
2385 924 2731 1036 fumum
2797 925 3207 1039 fiqvendo
3222 991 3247 1033 ,

338 1059 605 1162 insciis
657 1052 1324 1167 Rognvalldianis
1343 1118 1367 1161 ,
1445 1043 1792 1172 aufugit
1867 1055 1973 1172 ἐᾷ’
2037 1061 2131 1144 in
2191 1058 2510 1173 scapha
2606 1061 2889 1147 eadem
2962 1060 3252 1172 statim

339 1189 552 1277 noble
599 1194 698 1275 in
749 1191 840 1274 N
842 1186 1064 1276 esum
1127 1218 1376 1303 usqve
1427 1187 1652 1302 folus
1712 1195 2201 1308 remigavit.
2329 1192 2893 1305 R6gnvalldus
2940 1211 3239 1300 totum,

342 1351 516 1410 cum
600 1326 978 1413 omnibus
1052 1326 1289 1412 intus
1362 1328 2000 1413 ramanentibus
2024 1391 2050 1434 ,
2139 1329 2513 1416 incendio
2599 1328 2924 1417 delebat
2999 1331 3256 1417 domi-

338 1457 622 1544 cilium
639 1522 662 1562 ,
725 1462 1050 1548 nemine
1114 1458 1358 1545 aliud
1411 1460 1937 1574 existimante
1999 1489 2249 1574 qvam
2314 1465 2534 1575 qvod
2558 1461 3081 1550 Thorfinnus
3126 1466 3253 1550 ibi

340 1594 838 1704 occubuiffi’t.
1028 1595 1217 1715 Qo
1259 1592 1525 1704 sablo,
1589 1595 1881 1683 Comes
1920 1594 2483 1709 Regnvalldus
2546 1598 2978 1711 universas
3042 1598 3256 1711 insu-

341 1724 462 1810 las
523 1729 1057 1844 peragrando
1095 1725 1480 1843 subegit,
1558 1730 2031 1840 transmtſjb
2109 1734 2203 1815 in
2263 1728 2583 1817 Nesum
2664 1730 3260 1847 Haebudasqve

336 1863 633 1948 nuncio
647 1923 673 1966 ,
748 1888 1095 1977 regnum
1154 1864 1373 1973 qvod
1428 1879 1820 1986 tenuerat
1877 1861 2398 1949 Thorfinnus
2435 1864 2539 1975 se
2580 1868 2754 1975 fibi
2813 1869 2968 1981 ipsi
3021 1870 3246 1980 desti-

336 2019 535 2082 nare
548 2059 576 2100 ,
641 1998 774 2081 cui
834 2013 1020 2083 tum
1083 1995 1301 2083 nulli
1367 1997 1847 2084 renuebant.
2045 1998 2437 2113 Degebat
2472 2000 2822 2087 interim
2856 2001 3251 2088 Thorfin·

340 2153 488 2214 nus
568 2130 1026 2217 clanculum
1122 2132 1351 2242 apud
1418 2132 1730 2217 amicos
1805 2134 1899 2216 in
1978 2130 2386 2218 Katanefia
2414 2194 2440 2243 ,
2518 2162 2664 2222 nee
2722 2141 2888 2224 uHa
2967 2139 3065 2224 de
3142 2139 3260 2251 eo,

339 2268 547 2376 qvod
605 2293 713 2354 ex
773 2267 1140 2354 incendio
1205 2264 1570 2377 evastffi’t
1583 2329 1609 2372 ,
1671 2264 2013 2354 volabat
2050 2265 2335 2380 sama.
2378 2261 2382 2268 ⁶
2730 2282 2739 2292 '

762 2508 1251 2647 Caedes
1340 2487 1921 2648 Comitis
2004 2513 2843 2691 R‘ognvalldj.

352 2697 741 2898 Comes
799 2784 1363 2899 R6gnvalldus
1422 2787 1920 2904 Kirkiuvogi
1962 2791 2268 2904 sedens
2311 2820 2792 2908 quaecunqve
2843 2797 3265 2909 adhyema·

349 2922 655 3008 tionem
679 2923 1114 3034 necefflzria
1147 2927 1423 3011 eodem
1455 2928 2016 3033 contrahebat,
2029 2927 2134 3017 ἔθ’
2149 2929 2686 3034 numerosam,
2713 2956 2891 3041 qvae
2907 2915 2989 3018 ei
3007 2935 3264 3022 adhae-

326 3054 470 3163 sit,
516 3056 1064 3142 multudinem
1092 3058 1319 3144 laute
1321 3057 1873 3169 sustentabat.
1968 3059 2221 3146 Paulo
2253 3077 2448 3144 ante
2457 3058 2748 3170 festum
2774 3062 2840 3171 J
2841 3061 3101 3146 ulenst
3120 3068 3263 3151 Co-
3343 3159 3348 3163 ,

342 3215 514 3274 mes
527 3188 897 3300 cumsuis
914 3190 1295 3301 polentas
1319 3209 1467 3301 per
1479 3188 1544 3302 J
1546 3184 1702 3273 ulia
1722 3188 2011 3302 (otfist.
2029 3191 2537 3278 Natalitior.
2553 3193 2769 3297 Dni)
2788 3191 3260 3305 calefacien-

344 3327 493 3410 das
574 3323 1041 3410 reveHurus
1117 3329 1208 3410 in
1295 3326 1709 3437 Papeyam
1803 3329 2212 3414 minorem
2300 3327 2849 3440 trajiciebat5
2949 3328 3263 3444 vesperi

345 3477 626 3544 autem
640 3520 664 3561 ,
726 3484 910 3544 cum
972 3462 1064 3544 in
1128 3458 1422 3573 insulis
1493 3461 1913 3570 constituti
1985 3463 2329 3576 ignibus
2369 3483 2380 3490 ·
2390 3459 2748 3573 jbtoriis
2801 3468 2947 3552 diu
2994 3465 3267 3576 affide-

249 3625 262 3636 ·
346 3610 539 3677 rent
566 3654 589 3694 ,
649 3594 1087 3677 materiem
1169 3596 1357 3707 igni
1420 3597 1808 3708 ingerens
1883 3598 2224 3680 eandem
2269 3596 2465 3704 jam
2545 3595 2876 3707 afficere
2952 3601 3268 3707 ajebat.

330 3724 645 3836 ‘Lapsus
677 3725 982 3838 lingvae
1020 3745 1218 3812 tunc
1281 3727 1597 3815 Comiti
1660 3728 2015 3836 accidit,·
2084 3746 2337 3815 aetate
2355 3791 2378 3831 ,
2447 3732 2759 3841 inqvit,
2796 3727 3032 3841 satis
3076 3749 3259 3842 pro·

341 3858 556 3944 vetii
589 3855 891 3969 sumus
950 3862 1271 3968 qvando
1335 3863 1576 3975 ignes
1640 3859 1772 3975 isti
1835 3862 2502 3976 extingvuntur5
2570 3861 2940 3948 diblurus
2980 3882 3264 3952 autem

345 4011 570 4097 erat,
645 4019 780 4079 eos
831 3990 1067 4103 fittis
1119 3991 1364 4103 fotos
1415 3992 1656 4105 jore,
1733 3997 1893 4106 qvo
1967 3994 2575 4106 animadverso,
2640 3999 2731 4080 in
2799 3997 3021 4083 talia
3088 4019 3268 4112 pro·

347 4130 659 4238 rumpit
676 4156 710 4235 ,·
779 4125 1048 4238 lapsus
1109 4128 1417 4242 lingvae
1479 4127 1691 4214 mihi
1736 4130 1935 4237 jam
1997 4128 2434 4212 eveniebat
2454 4191 2474 4229 ,
2545 4156 2690 4214 nec
2712 4133 2953 4239 prius
3005 4137 3281 4245 qvoad

353 4262 735 4363 memini,
799 4257 903 4348 Εἴ
935 4288 1146 4346 nunc
1208 4260 1422 4347 mihi
1483 4265 1839 4350 occurrit
1901 4259 2255 4371 effatum
2318 4263 2774 4348 nutritoris
2809 4267 2978 4352 mei
3015 4268 3086 4353 R
3092 4271 3278 4383 egis

358 4393 536 4480 olai
599 4422 781 4486 cum
846 4392 1328 4512 Stiklastadis
1404 4391 1712 4521 lapsum
1769 4396 2082 4511 lingvae
2145 4393 2328 4502 ejus
2389 4403 2957 4508 comperirem,
3033 4387 3278 4490 nimi·

361 4556 550 4617 rum
592 4530 680 4639 Ji
721 4530 1038 4648 qvando
1100 4526 1372 4643 lapsus
1434 4527 1743 4645 lingvae
1783 4527 2023 4639 forte
2090 4528 2304 4616 mihi
2362 4533 2771 4619 accideret
2784 4597 2809 4645 ,
2875 4552 3028 4649 pro
3089 4553 3281 4624 rato

1805 4661 1880 4752 K
1910 4682 2000 4750 ·2
2257 4751 2260 4756 f
2983 4668 3278 4758 haben·
