4100 5284
1198 335 2682 453 HISwRIA‚0RCADENSIUM.
3403 356 3520 448 39

347 587 769 701 cepttffima
831 584 1003 698 sua
1065 584 1764 673 circumveniendo
1817 583 2045 698 gesta
2113 585 2455 695 exponit
2528 580 2633 672 θ’
2693 607 2878 668 cum
2931 578 3092 694 ipso
3141 581 3504 695 aliqvan·

339 721 571 834 ttsper
631 724 944 809 ibidem
998 738 1576 812 commoratur.

1202 1027 1422 1158 De
1560 1022 2608 1160 OrcadenfibuS.

325 1201 730 1395 Verum
795 1298 973 1386 Rex
1055 1299 1253 1385 Kaui
1264 1326 1358 1384 us
1376 1363 1400 1404 ,
1495 1304 1767 1413 copias
1830 1302 2142 1403 iterum
2160 1363 2183 1406 ,
2230 1301 2404 1415 post
2465 1299 2851 1413 praelium
2921 1326 3106 1387 cum
3169 1302 3493 1390 Comite

321 1422 790 1516 Thorfinno
855 1431 1221 1545 reversus
1239 1499 1261 1540 ,
1330 1454 1485 1547 per
1550 1432 2097 1520 Scotlandiam
2164 1435 2653 1523 orientalem
2728 1433 2833 1524 θ’
2912 1437 3492 1523 occidentalem

313 1587 455 1646 nec
542 1591 705 1649 non
785 1566 1201 1655 Satiriam
1282 1573 1634 1684 colligit,
1722 1568 1826 1658 Εἴ
1841 1633 1863 1674 ,
1945 1573 2037 1656 in
2126 1572 2542 1656 auxilium
2618 1570 2864 1676 fimrd
2937 1573 3051 1656 ad
3121 1592 3317 1676 qvos
3396 1573 3488 1655 in

312 1690 839 1806 Hyberniam
903 1699 1242 1811 miserat
1306 1705 1594 1791 Comes
1658 1706 2131 1791 Moddanus
2191 1706 2719 1789 venientibus
2736 1768 2758 1807 ‚
2821 1709 2883 1791 ά
2942 1704 3483 1818 magnatibus

296 1846 449 1939 per
490 1830 809 1945 legatos
824 1829 1257 1944 suppetias
1309 1837 1601 1947 paffim
1650 1837 2042 1947 implorat
2054 1867 2089 1945 ,·
2157 1864 2340 1923 cum
2372 1837 2744 1945 universo
2779 1838 3071 1933 exinde
3091 1841 3477 1921 >exercitu

310 1966 400 2048 in
494 1960 927 2052 Torffiefia
1015 1969 1504 2083 australiqve
1584 1968 1948 2054 Baefiordi
2032 1997 2178 2055 ora
2240 1971 2554 2057 Comiti
2628 1966 3103 2053 Thorfinno
3184 1969 3473 2054 obvius

307 2098 828 2211 militumqve
896 2129 1230 2191 numero
1299 2105 1564 2191 multo
1614 2104 2008 2216 superior,
2074 2107 2253 2189 acri
2306 2121 2594 2217 pugna
2646 2105 3198 2217 congreditur.
3329 2101 3471 2187 Co-

303 2259 476 2318 mes
539 2229 842 2318 Thorfi
846 2258 1058 2319 nnus
1122 2240 1212 2321 in
1269 2241 1549 2347 prima
1580 2234 1945 2349 ficorum¹
2004 2240 2178 2323 acie
2241 2237 2727 2348 constitutus
2744 2299 2769 2341 ,
2837 2236 3089 2352 galea
3136 2253 3472 2340 aurata,

296 2366 583 2480 gladio
669 2367 981 2454 cinctus
994 2431 1016 2474 ,
1090 2369 1428 2481 *hastam
1500 2389 1789 2459 tenens
1804 2437 1826 2477 ,
1914 2390 2263 2483 utraqve
2334 2397 2591 2457 manu
2652 2373 2944 2457 vibrat
3026 2373 3466 2483 caeditqve3

280 2500 578 2606 fertur
598 2496 807 2611 ficos
854 2528 1130 2589 omnes
1184 2504 1638 2616 praeceffiſje
1652 2538 1686 2615 ,·
1733 2505 2051 2590 Hibern
2062 2530 2306 2590 orum
2350 2532 2649 2618 agmen
2685 2509 3229 2619 aggreditur,
3267 2584 3276 2597 ,
3291 2507 3465 2615 pri·

248 2648 427 2719 'mo
491 2660 674 2720 cum
728 2636 1190 2724 adhaerente
1257 2666 1551 2724 corona
1612 2644 1811 2726 adeo
1866 2641 2240 2752 strenuus
2257 2701 2281 2744 ‚
2347 2656 2445 2723 ut
2493 2640 2739 2748 hostes
2764 2636 3067 2749 statim
3129 2639 3462 2746 retrufi,

298 2769 587 2852 exinde
616 2763 721 2878 fi
783 2797 943 2855 non
1005 2774 1467 2887 recolligere
1522 2774 1825 2885 poffi’nt
1836 2805 1870 2884 ,-
1938 2774 2159 2860 Hinc
2215 2773 2437 2888 Rege
2498 2769 2749 2856 Kallio
2790 2773 3126 2885 signum
3178 2772 3460 2856 adver·

265 2896 424 3010 sus
486 2897 1055 2987 Thorfinnum
1109 2905 1500 3016 praeferri
1568 2926 1949 3011 curante,
2032 2924 2312 3018 pugna
2379 2909 2693 2991 acriter
2753 2905 3268 3016 aliqvamdiu
3319 2931 3460 3017 ge-

291 3039 559 3137 ritur,
636 3031 865 3149 fuga
921 3038 1212 3152 Regis,
1274 3041 1437 3126 alii
1476 3044 1764 3126 dicunt
1830 3056 2137 3141 morte,
2198 3040 2533 3119 tandem
2566 3032 2858 3142 finita.
2986 3038 3125 3118 Ita
3176 3038 3463 3121 Arnon·

285 3164 349 3277 ·J
350 3163 763 3260 arlass<251d.

809 3502 1106 3591 Gladii
1167 3504 1728 3614 rubefaciebat
1791 3511 2052 3594 aciem
2073 3570 2095 3611 ,

814 3658 904 3739 in
966 3656 1132 3743 loco
1194 3657 1339 3742 ubi
1401 3654 1778 3743 Torfnes
1841 3675 2223 3758 vocatur,
2337 3730 2348 3737 .

811 3808 1320 3893 minorennis
1378 3813 1469 3894 in
1532 3808 1769 3918 causa
1832 3827 2019 3895 erat
2082 3807 2294 3911 Rex,

807 3957 1111 4053 incidit
1172 3960 1265 4044 in
1334 3963 1553 4047 diem
1617 3963 1831 4049 lunae
1891 3989 2156 4047 mane.

790 4108 1265 4219 strepebant
1329 4113 1453 4196 ibi
1518 4116 1605 4199 in
1681 4110 2092 4227 congreffie

803 4265 1280 4365 attenuati,
1347 4267 1408 4347 d
1449 4268 1791 4351 meridie
1857 4257 2257 4372 EkkialiS,

3154 4414 3442 4505 Gladii
