4100 5284
1196 347 1739 442 HISTDRIA
1801 347 2731 441 oRcADENSIUM=
3214 365 3453 476 341„

482 595 716 684 nium
748 621 932 684 cum
966 592 1296 683 Anakol
1320 594 1424 686 ἔθ’
1455 594 1953 683 Thorsteinn
1993 581 2313 709 Ragnae
2312 592 2563 705 filius
2592 599 2682 682 in
2710 592 3057 700 Nesum,
3075 589 3390 708 phaselo
3439 589 3639 667 A·1³·

479 756 661 818 cum
676 733 998 844 viginti
1025 731 1228 815 aliis
1245 729 1460 818 vetii
1470 795 1493 837 ‚
1526 732 1764 819 noilu
1796 729 2271 838 transirent,
2307 727 2695 837 subducite
2743 732 2834 817 in
2861 730 3131 838 sinum
3148 755 3387 840 qven·
3432 708 3470 777 ¹
3495 708 3533 777 ¹
3552 686 3669 801 56

478 867 670 950 dam
700 863 868 976 sub
921 865 1372 975 praeruptis
1425 868 1769 979 navigio
1838 860 2325 986 exscendunt
2383 861 2487 953 Εἴ
2532 868 2623 949 in
2677 864 3095 979 virgultis
3149 878 3393 973 prope

482 996 903 1083 Thrasvik
937 999 1319 1085 latitant.
1444 1000 1779 1086 Navem
1807 1001 1941 1084 ita
1979 997 2542 1108 instruxerant
2604 1014 2706 1084 ut
2767 1002 2860 1083 in
2921 998 3213 1110 qvovis
3265 997 3392 1079 in·

391 1239 406 1246 ‚
475 1133 930 1244 terscalmio
975 1133 1409 1218 cubantem
1452 1130 2083 1244 repraefi‘ntaret,
2097 1130 2528 1217 hominem.
2657 1131 3173 1242 Accffrant
3208 1151 3380 1244 mag

483 1292 585 1351 ne
625 1269 964 1378 qvidam
1011 1292 1303 1351 navem
1317 1327 1342 1372 ,
1404 1291 1579 1353 rem
1620 1282 1721 1351 ut
1768 1283 1954 1352 erat
1984 1291 2496 1376 neqvaqvam
2505 1258 2938 1378 suspicati.

691 1627 702 1636 ”
741 1622 1096 1711 Videbat
1125 1618 1550 1709 Anakolus
1576 1647 1761 1710 cum
1777 1618 1962 1734 fuis·
1980 1685 2004 1728 ‚
2070 1646 2370 1710 navem
2423 1648 2480 1710 a
2515 1621 2735 1736 Borg
2779 1624 3035 1711 remis
3074 1617 3394 1734 propul-

455 1751 642 1868 sam
679 1758 772 1842 in
808 1756 1176 1842 Arofiam
1217 1765 1651 1870 appellere5
1713 1755 2213 1868 conspiciunt
2257 1757 2507 1865 fimul
2550 1783 2807 1844 unum
2856 1758 3395 1869 eqvitantem,

474 1890 836 1977 alterum
868 1893 1236 2003 peditem
1281 1889 1870 2007 agnoscuntqve
1887 1891 2061 2016 „ff
2102 1890 2469 1975 Eirieum
2485 1919 2524 2000 ,-
2591 1893 2988 1977 dividunt
3027 1907 3224 1976 tunc
3273 1918 3390 1978 co·

470 2024 788 2112 hortem
827 2026 1069 2135 suam
1115 2043 1216 2112 ut
1286 2029 1554 2112 decem
1636 2029 1749 2112 ad
1788 2049 2021 2110 mare
2070 2027 2294 2136 apud
2345 2050 2678 2111 amnem
2695 2087 2720 2132 ‚
2796 2050 2898 2110 ne
2961 2026 3052 2109 in
3097 2047 3395 2139 navem

470 2159 1056 2272 egrederentur
1083 2221 1108 2265 ,
1172 2175 1598 2264 curarent,
1675 2157 1977 2272 reliqvi
1989 2161 2020 2261 ξ’
2046 2176 2332 2246 autem
2405 2161 2675 2246 decem
2744 2160 3031 2246 villam
3068 2171 3394 2270 petunt.

419 2311 426 2316 ·
470 2288 788 2376 Eirieus
850 2319 986 2380 eos
1041 2291 1471 2404 paululum
1525 2277 1931 2404 praevenit
1993 2289 2101 2382 θ’
2159 2292 2617 2382 cubiculum
2680 2295 2997 2381 accedit
3007 2320 3045 2402 ,-
3110 2290 3385 2378 Audit

467 2442 663 2511 tunc
723 2427 950 2513 viros
1013 2441 1424 2529 armatos,
1485 2430 1699 2511 unde
1740 2430 1832 2512 in
1895 2424 2357 2513 cubiculum
2406 2428 2768 2514 incurrit
2835 2423 2939 2515 θ’
2964 2444 3118 2535 per
3162 2421 3387 2534 alias

423 2603 444 2624 κ
467 2562 829 2646 exeundo
858 2556 1097 2667 fores
1156 2561 1269 2645 ad
1300 2583 1596 2645 navem
1594 2556 1702 2669 se
1744 2560 1931 2646 vult
1985 2561 2373 2671 recipere,
2438 2562 2545 2645 ab
2592 2562 2861 2649 obviis
2915 2578 3191 2645 autem
3225 2561 3383 2646 ibi·

470 2695 649 2779 dem
681 2709 967 2805 captus
982 2754 1003 2797 ,
1047 2696 1137 2778 in
1163 2690 1480 2804 Insulas
1510 2695 1624 2777 ad
1645 2693 2054 2780 Comitem
2108 2688 2561 2776 Erlendum
2589 2694 3039 2782 devehitur.
3167 2694 3382 2778 Mit-

463 2840 772 2912 tuntur
818 2843 1014 2913 tunc
1059 2829 1176 2912 ad
1213 2826 1618 2913 Comitem
1669 2823 2152 2910 Haralldum
2203 2826 2348 2937 qvi
2392 2827 2755 2912 dicerent
2798 2814 3176 2942 Eiriqum
3194 2825 3384 2933 fine

457 2959 711 3044 'dubio
752 2985 910 3047 non
935 2963 1177 3070 prius
1210 2960 1539 3045 dimitti
1592 2983 1837 3067 qvam
1888 2958 2343 3044 Arnfinnus
2386 2985 2583 3044 cum¹
2613 2961 2939 3045 caeteris
2963 2961 3079 3044 ad
3112 2959 3385 3046 Comi·

468 3106 654 3202 tem,
668 3088 1130 3201 ,Etlendum
1170 3089 1428 3204 sospes
1475 3094 1823 3178 veniret.
1875 3199 1880 3210 Ι
1952 3094 2318 3202 Optatus
2369 3095 2761 3232 utrinqve
2819 3091 2953 3178 his
2978 3087 3219 3203 finis.

750 3461 1538 3605 Concordia
1605 3464 2181 3628 Comitis
2270 3463 2880 3606 Haralldi
2945 3464 3098 3607 &

1626 3675 2203 3817 Erlendi.

466 3854 777 4054 Vere
794 3961 1174 4082 fi’qvente
1217 3962 1503 4058 Comes
1538 3957 1975 4054 Haralldus
2007 3963 2485 4063 Katanesum
2526 3967 2923 4084 relinqvit
2960 3964 3380 4084 &septen-

463 4103 821 4188 trionem
878 4100 1154 4212 versus
1207 4106 1298 4188 in
1362 4093 1939 4189 Hialtlandiam
1993 4105 2163 4193 iter
2212 4103 2593 4220 suscipit,
2673 4103 3126 4192 Erlendum
3175 4105 3382 4219 Jun-

463 4235 697 4341 gium
748 4262 791 4321 e
858 4240 1121 4321 medio
1163 4232 1706 4345 sublaturu55
1749 4235 2369 4346 sollicitaverat
2414 4245 2658 4354 ipfius
2697 4242 3001 4326 matris
3048 4237 3381 4352 Marga-

464 4388 652 4450 retae
673 4372 1044 4478 nuptias,
1109 4370 1403 4456 Comes
1434 4393 1627 4456 vero
1648 4367 2051 4482 repulsam
2075 4376 2414 4460 dederat
2428 4438 2450 4480 ,
2507 4405 2658 4487 qvo
2672 4373 2894 4483 sablo
2913 4437 2935 4478 ‚
2970 4369 3377 4482 Erlendus

430 4494 707 4609 socios
732 4502 908 4611 sibi
953 4504 1496 4615 acqvtfiverat
1512 4565 1537 4613 ,
1601 4529 1935 4615 eamqve
1980 4532 2086 4591 ex
2118 4503 2578 4610 orcadibus
2612 4509 3066 4597 clanculum
3098 4510 3377 4595 abstu-

1815 4631 1899 4723 U
1930 4661 1985 4724 u
2058 4655 2102 4751 3
3123 4644 3370 4754 lerat,
