4100 5284
1133 417 1674 511 HISTORIA
1713 409 1722 418 ⁸
1766 417 2623 515 ORCADENSIUM.
2984 441 2991 448 '
3127 434 3316 527 417

1348 661 1569 798 De
1630 653 2361 842 toparchis.

391 831 577 1038 N
576 973 731 1034 unc
761 949 859 1035 de
893 947 1303 1060 toparchis
1362 947 1879 1055 referendum
1891 980 1926 1061 ;
1995 949 2169 1036 Sex
2199 976 2367 1038 nna
2404 951 2497 1035 in
2527 950 2895 1040 Scotiam
2939 966 3160 1054 eunt,
3187 952 3310 1038 ibi
3334 975 3353 984 ·

343 1075 348 1080 ’
410 1108 687 1196 regem
745 1084 1020 1194 hyeme
1037 1146 1060 1187 ‚
1122 1102 1483 1196 tempore
1569 1104 1847 1197 nempe
1905 1087 2234 1194 jejunii
2296 1090 2700 1175 adventus
2716 1152 2738 1194 ‚
2802 1081 3318 1193 conveniunt‚'

403 1213 514 1305 θ’
570 1218 935 1329 distinete
980 1246 1158 1331 qvae
1205 1227 1299 1310 in
1333 1223 1635 1310 itinere
1682 1225 2017 1310 comitis
2076 1221 2461 1352 Haralldi·
2491 1227 2584 1310 in
2646 1221 3050 1309 Katanefia
3085 1222 3349 1338 gesta‘

411 1373 689 1459 erant,
753 1374 1190 1468 exponunt.
1337 1417 1343 1424 -
1384 1359 1578 1446 Haec
1650 1384 1834 1444 cum
1881 1356 2296 1466 referrent
2311 1423 2337 1465 ‚
2399 1387 2552 1445 rex
2590 1379 2981 1474 perqvant
3009 1362 3312 1465 iratus,

409 1486 560 1590 iis,
622 1492 764 1601 qvi
840 1515 974 1575 res
1018 1486 1234 1602 suas
1315 1487 1769 1600 amiserant
1785 1554 1811 1596 ‚
1874 1491 2209 1603 duplum
2223 1490 2328 1606 st
2391 1496 2910 1622 redditurum
2973 1495 3311 1609 promit·

412 1625 554 1714 tit.
686 1628 963 1716 Primo
1008 1656 1159 1740 qvo
1200 1648 1634 1731 morantur
1669 1635 1890 1744 apud
1915 1658 2104 1718 eum
2135 1632 2269 1717 die
2286 1693 2308 1737 ‚
2359 1633 2643 1743 cuiqve
2675 1658 2954 1720 eorum
2992 1632 3311 1748 viginti

417 1783 768 1871 qvtnqve
848 1756 1093 1841 ulnas
1138 1764 1446 1868 panni,
1507 1779 1817 1872 praeter
1877 1777 2247 1850 marcam
2313 1761 2752 1875 Anglieam
2817 1766 3156 1890 argenti
3216 1765 3339 1850 in'

415 1895 820 1984 viaticum
882 1889 1055 1978 dat.
1252 1894 1552 2000 Trans
1514 1912 1761 2010 gunt
1819 1900 2065 2006 apud
2096 1923 2374 2016 regem
2440 1897 2793 1984 humane
2853 1891 3128 1981 habiti
3174 1892 3308 2005 se-

407 2028 616 2137 stam
680 2024 742 2136 J
743 2024 1030 2127 ulense,
1091 2051 1382 2112 verum
1419 2031 1729 2142 statim
1775 2030 1947 2143 post
2009 2032 2271 2140 idem,
2336 2029 2494 2144 ipfi
2549 2034 2928 2121 omnibus
2992 2034 3082 2115 in
3128 2055 3311 2142 reg·
3322 2033 3335 2056 '

414 2184 519 2247 no
546 2162 709 2275 suo
772 2158 1313 2272 optimatibus
1351 2164 1687 2250 nuntios
1735 2165 2068 2272 mittit,
2130 2160 2234 2251 ξφ
2298 2192 2404 2251 ex
2465 2166 2800 2280 regione
2832 2161 3311 2266 innumeras

415 2296 687 2403 copias
747 2295 1104 2385 coveitas
1168 2300 1259 2383 in
1309 2295 1815 2406 Katanesum,
1882 2317 2177 2386 contra
2225 2302 2608 2386 comitem
2641 2277 3156 2396 Hau-andum,
3186 2295 3311 2401 de-

421 2432 703 2542 ducit5
785 2431 1126 2543 Ingenti
1175 2457 1359 2516 cum
1422 2435 1793 2519 exercitu
1852 2436 2137 2548 pergit
2193 2455 2594 2546 qvousqve
2652 2435 2743 2518 in
2804 2424 3312 2534 Eisteinsdal,

416 2495 854 2683 confininm
909 2570 1016 2680 est
1089 2571 1510 2661 Katanes1ae
1592 2592 1838 2687 atqve
1921 2571 2850 2684 Sudrlandiae,1';venit
2951 2572 3317 2659 Stabant

402 2720 842 2831 secundnm
911 2725 1160 2805 valles
1173 2779 1196 2821 ‚
1275 2743 1451 2829 qvae
1526 2716 1776 2829 longa
1857 2718 1963 2827 est
2044 2721 2195 2803 via
2221 2780 2244 2822 ,
2336 2717 2582 2826 ipsius
2660 2695 2937 2823 castra
3167 2711 3321 2798 Co·

410 2885 583 2947 mes
643 2858 735 2941 in
800 2851 1185 2939 Kataneso
1202 2918 1223 2958 ,
1298 2880 1482 2974 eum
1544 2851 1708 2938 haec
1778 2854 2112 2938 audiret
2142 2913 2165 2954 ‚
2230 2866 2667 2936 convocato
2730 2846 3020 2955 statim
3084 2841 3327 2948 exer·'

420 2995 596 3077 citu
609 3048 630 3088 ‚
699 2982 1090 3106 fi’xagiesj
1146 3002 1472 3073 eentum
1531 2985 1910 3096 qvamvis
1972 2981 2394 3067 militibus
2432 2978 2799 3091 stipatus
2815 3039 2836 3079 ,
2901 3001 2954 3061 a
3008 2973 3198 3089 rege
3218 2972 3306 3084 [ὲ

416 3118 836 3226 defendere
901 3112 1234 3226 provfits
1310 3112 1750 3223 neqviviffie
1809 3111 2091 3217 fertur
2109 3174 2132 3216 ,
2194 3113 2406 3197 unde
2469 3110 2751 3194 mittit
2824 3125 3108 3216 pacem
3168 3113 3321 3230 αξ·

406 3269 784 3367 petentes
799 3314 822 3345 ‚
864 3258 1156 3367 qvibus
1188 3250 1602 3365 respondet
1634 3278 1788 3337 rex
1824 3275 1981 3336 non
2002 3247 2355 3359 prodeffe
2381 3263 2659 3356 pacem
2694 3267 3052 3354 qvaerere
3066 3309 3089 3351 ‚
3154 3245 3319 3354 nili

417 3406 716 3503 qvarta
778 3391 1254 3508 qviecunqve
1306 3399 1401 3510 in
1456 3388 1841 3479 Kataneso
1901 3389 2248 3503 pecunia
2293 3386 2451 3493 sibi
2468 3383 2874 3495 solvatur.
3010 3383 3314 3473 Verum

423 3530 709 3613 audito
787 3531 927 3617 hoc
1008 3529 1399 3644 response,
1466 3525 1903 3617 Haralldus
1955 3531 2044 3613 in
2108 3528 2579 3636 colloqvium
2654 3541 2895 3612 vocat
2966 3525 3314 3630 incolas,

418 3665 844 3772 variosqve
910 3671 1349 3780 optimates
1395 3667 1501 3757 ἔθ’
1542 3696 1674 3755 eos
1726 3665 2112 3776 consulit,
2100 3695 2119 3714 ·
2162 3681 2621 3770 -caeterun15
2689 3667 3074 3774 qvoniam
3106 3669 3310 3752 viri·

418 3796 568 3878 bus
601 3790 705 3901 se
771 3821 1046 3892 carere
1101 3800 1437 3902 vident,
1505 3799 1593 3882 in
1661 3798 1868 3884 hanc
1932 3792 2415 3906 descendunt
2465 3796 2693 3905 pacis
2741 3797 3314 3926 conditionem,

416 3944 516 4011 ut
583 3945 972 4080 qvartant
1020 3928 1380 4040 suarum
1434 3928 1642 4038 poff
1622 3927 1737 4036 ff
1700 3956 1837 4015 on
1846 3953 1990 4013 um
2031 3945 2367 4038 partem
2430 3929 2615 4039 regi
2677 3928 3137 4036 expendant
3211 3930 3317 4020 &

403 4076 808 4168 praeterea
874 4063 988 4148 iis
1047 4064 1190 4173 qvi
1286 4059 1633 4172 instante
1717 4061 1992 4170 hyeme
2052 4065 2169 4149 ad
2243 4060 2500 4176 ipsunt
2578 4066 2914 4151 iverant
2960 4061 3319 4180 satisf'a

1724 4194 1813 4283 G
1832 4221 1892 4307 g
1908 4221 1971 4308 g
2039 4216 2091 4283 2
2193 4273 2197 4278 .
3062 4207 3315 4294 ciant.

3367 641 3615 763 A.'D.·'{
