4100 5284
1102 409 1646 570 {JIS‘mRIA
1745 409 2619 503 ORCADENSIUNI·
3096 420 3207 519 18
3228 431 3265 502 1

357 677 524 744 mes
555 654 939 743 habebat.
1063 658 1249 746 Has
1290 661 1637 774 qvinqve
1662 685 1920 745 naves
1959 662 2081 744 ad
2098 653 2420 766 Hroflbj
2576 719 2603 762 ‚
2664 659 2940 745 eodem
2962 654 3276 774 vesperi
3332 662 3415 729 A.
3441 664 3530 735 D·

359 792 570 875 circa
620 788 984 898 occasum
1011 786 1233 902 filis
1277 797 1734 894 venientes,
1797 793 2225 878 deducunt.
2320 897 2325 902 .
2453 790 2628 878 olle
2655 791 3042 904 fi’qvente
3091 819 3274 879 con·
3320 779 3356 849 ¹
3380 778 3419 847 ¹
3437 758 3554 869 3⁶

330 917 542 1033 fluit
577 925 698 1008 ad
732 926 1115 1011 comitem
1149 929 1604 1032 exercitus5
1666 929 2015 1011 navium
2078 943 2362 1013 autem
2423 927 2797 1039 plurium
2839 928 3068 1036 copia
3111 950 3276 1011 non

343 1056 724 1142 dabatur.
825 1054 1403 1142 Hialtlandiam
1430 1058 1599 1170 post
1633 1062 1980 1170 petendo
2001 1121 2023 1162 ‚
2057 1059 2371 1147 Comiti
2386 1056 2902 1171 Reignvalldo
2935 1060 3269 1146 obviam

346 1182 562 1274 ituri
596 1208 884 1300 erant,
947 1218 1190 1278 mane
1226 1210 1511 1278 autem
1529 1253 1554 1295 ,
1586 1192 1734 1277 ubi
1731 1191 1876 1304 sol
1897 1210 2153 1302 nuper
2179 1211 2415 1279 ortus
2430 1256 2451 1297 ‚
2513 1197 2862 1280 veniunt
2890 1195 3008 1280 ad
3030 1193 3267 1280 comi·

342 1334 507 1406 tem
532 1321 878 1408 Paulum
907 1327 1053 1435 qvi
1083 1352 1190 1410 ex
1222 1325 1568 1436 australi
1596 1327 1781 1434 finu
1807 1322 2274 1410 Petlandico
2298 1329 2640 1436 produci
2667 1352 2918 1414 naves
2947 1326 3265 1441 longas,

345 1586 632 1675 Comes
680 1589 968 1676 Paulus
1027 1594 1486 1679 exercitum
1546 1592 2036 1678 Fraukarkae
2082 1593 2211 1678 ibi
2267 1595 2393 1678 ire
2434 1609 2586 1703 pro
2662 1610 2882 1680 certo
2921 1593 3229 1679 habens
3241 1656 3266 1698 ,

329 1720 580 1830 jubet
626 1740 727 1806 ut
752 1752 1000 1837 qvam
1027 1724 1569 1837 strenuiffime
1613 1729 1970 1814 navibus
2029 1727 2112 1813 ei
2161 1726 2492 1818 obviam
2541 1730 2948 1834 tendant3
3016 1725 3267 1812 Olaus

347 1881 526 1941 cum
575 1855 934 1973 Sigurdo
988 1860 1208 1945 lente
1280 1865 1401 1944 iri
1451 1877 1741 1973 rogat,
1843 1863 2125 1945 dicens
2182 1860 2640 1942 exercitum
2716 1858 2918 1944 hora
2977 1862 3273 1969 quavis

346 1991 460 2076 ad
479 2016 619 2075 eos
647 1980 1107 2081 venturum.
1239 1994 1451 2081 Cum
1499 1993 1608 2080 ab
1641 1993 1958 2080 oriente
1998 1985 2657 2075 Tannsszarunefi
2688 1989 2981 2100 efflent,
3014 2016 3272 2090 naves

349 2122 631 2238 longae‚
678 2150 1015 2212 numero
1057 2129 1504 2228 duodecem,
1535 2155 1580 2212 e
1608 2128 1925 2214 oriente
1953 2120 2198 2210 Mulii
2233 2126 2648 2238 navigant
2662 2186 2687 2228 ‚
2749 2111 2960 2211 unde
3004 2151 3270 2212 comes
3351 2181 3360 2193 ι

343 2284 526 2343 cum
554 2254 753 2365 suis
798 2287 1050 2347 naves
1094 2261 1548 2374 conjungit.
1680 2261 1930 2376 Venit
1971 2277 2160 2345 tum
2194 2261 2312 2344 ad
2348 2284 2537 2373 eum
2592 2284 2774 2344 cum
2797 2255 3029 2367 filiis
3069 2261 3270 2352 colo·

343 2415 498 2475 nus
539 2389 927 2503 Erlingus
981 2396 1078 2481 de
1110 2390 1839 2496 Tannsszarunesm
1891 2394 2136 2499 luam
2178 2410 2406 2505 opem
2444 2389 2832 2500 offerens,
2893 2409 3080 2479 tum
3122 2418 3264 2480 na·

349 2552 489 2610 ves
514 2507 954 2613 militibus
967 2531 1164 2615 adeo
1192 2530 1482 2642 ouustae
1518 2547 1760 2622 erant
1795 2547 1894 2613 ut
1921 2547 2074 2640 per
2118 2525 2545 2641 angustias
2577 2527 2857 2638 plures
2885 2526 3266 2614 adhiberi

346 2684 501 2744 non
560 2678 955 2771 poterent
970 2690 1006 2771 ‚·
1113 2681 1368 2777 rogat
1438 2664 1632 2749 hinc
1708 2664 2014 2764 'Comes
2076 2649 2516 2771 Erlingum
2595 2687 2783 2746 cum
2833 2655 3066 2771 suis,
3160 2676 3260 2746 ut

346 2789 658 2903 lapides
673 2856 696 2896 ‚
756 2797 1002 2882 donec
1036 2814 1183 2908 per
1213 2797 1462 2909 hostes
1501 2798 1735 2902 licet,
1796 2793 2175 2882 advehat.
2304 2781 2515 2882 Cum
2541 2792 2632 2900 se
2650 2793 3258 2904 praeparaffent,

346 2924 655 3012 Aulver
687 2924 794 3017 Εἴ
836 2928 906 3013 F
904 2929 1286 3033 utkerka,
1349 2935 1811 3035 venientes,
1875 2928 2374 3043 congrcffiem
2407 2930 2665 3013 remis
2691 2928 2998 3039 statim
3049 2954 3262 3014 acce·

342 3054 613 3148 lerant
626 3124 651 3162 ,
709 3063 1084 3150 militum
1117 3089 1479 3151 numero
1533 3062 1896 3168 majores
1912 3125 1937 3163 ,
2017 3049 2373 3146 ncivibus
2432 3078 2719 3145 autem
2784 3060 3259 3147 minoribus

341 3193 733 3305 instruili.
862 3194 1185 3284 Aulver
1244 3222 1541 3283 navem
1588 3194 1945 3284 habebat
1991 3218 2390 3307 magnam
2404 3255 2428 3297 ‚
2488 3218 2737 3305 qvam
2774 3196 2892 3280 ad
2929 3196 3259 3280 comitis

339 3327 735 3437 applicat,
799 3333 1200 3435 acerrimo
1222 3330 1513 3442 praelio
1555 3329 2016 3440 incipiente.
2147 3323 2398 3412 Olaus
2440 3325 2649 3414 Rolfi
2693 3329 3051 3416 navibus
3059 3323 3259 3440 fiiis

336 3477 619 3546 contra
647 3466 1009 3551 minores
1023 3462 1409 3549 Aulveris
1441 3489 1694 3550 naves
1710 3458 2317 3573 productis‚ubi
2340 3488 2740 3577 magnum
2767 3462 3258 3548 altitudinis

335 3596 675 3680 navium
702 3614 890 3682 erat
940 3594 1405 3709 discrimen,
1446 3614 1619 3682 tres
1663 3598 2105 3680 earundem
2156 3596 2395 3681 brevi
2440 3613 2805 3681 evacuat.
2938 3593 3256 3682 Aulver

320 3724 654 3835 strenue
691 3732 908 3817 adeo
979 3757 1277 3819 navem
1333 3729 1691 3818 Comitis
1751 3726 2171 3843 aggreffus
2224 3726 2330 3838 est
2386 3742 2487 3812 ut
2533 3753 2809 3813 omnes
2869 3729 2958 3810 in
2999 3745 3257 3835 prora

331 3860 763 3968 constituti
790 3866 906 3949 ad
925 3863 1242 3952 malum
1271 3891 1521 3975 usqve
1555 3864 2184 3947 retruderentur
2195 3889 2229 3969 ,·
2297 3877 2496 3945 tunc
2508 3858 2714 3966 suos
2740 3861 2857 3944 ad
2886 3858 3254 3967 ascensio·

279 4020 288 4029 ·
330 4017 517 4078 nem
533 3990 945 4104 fhilicitat
982 3994 1301 4086 Aulver
1348 3995 1452 4087 &²
1472 3996 1630 4109 ipse
1647 4026 1694 4083 e
1711 3993 2098 4109 praestega
2125 3995 2421 4104 puppis
2461 3995 2551 4079 in
2603 4011 2939 4103 proram
2980 3996 3253 4084 decur-

332 4150 522 4212 rens
559 4132 890 4240 primus
936 4128 1320 4258 qspendit.

590 4300 904 4388 Sveinn
969 4304 1400 4415 Briostreip
1444 4306 1536 4390 in
1560 4304 1843 4414 prima
1886 4304 2063 4389 acie
2083 4297 2446 4413 fortiter
2497 4295 2921 4416 conflixit;
2986 4305 3254 4396 anim·

332 4431 706 4521 advertit
767 4439 1124 4552 iuterim
1190 4441 1481 4531 Comes
1537 4435 1997 4526 Aulverem
2065 4462 2361 4524 navem
2428 4437 2871 4555 ingrestum
2937 4441 3085 4552 affe
3145 4438 3255 4528 ἔθ’

1724 4569 1804 4659 Ζ
1876 4588 1924 4682 3
3050 4576 3246 4679 suos
