4100 5284
1121 415 1664 507 HJTSORJA
1718 418 2151 512 SANCT1
2204 417 2631 517 MAGNI.
2738 425 2744 435 ·
3156 439 3337 536 433

438 681 593 743 nos
607 719 631 761 ‚
729 660 820 743 in
881 657 1128 767 ipfius
1186 658 1571 748 honorem
1633 660 1740 753 ΕΤ
1799 663 2344 755 eminentiam
2363 733 2385 773 ‚
2436 653 3014 786 stabilituram
3075 652 3349 782 atqve'

444 793 1140 904 confirmaturam.
1301 796 1508 910 Jam
1563 806 1957 912 qvoniam
2008 811 2428 920 particeps
2488 813 2597 923 est
2658 814 2901 925 regni
2948 809 3335 910 ,coelorum

441 913 542 1005 ἔθ’
569 925 967 1040 ingreffiss
1026 957 1375 1044 regnum
1436 931 1609 1033 dei,
1665 947 1957 1041 potens
1989 932 2095 1043 est
2153 954 2254 1019 ut
2302 964 2783 1049 qvaecunqve
2844 940 3034 1026 vult
3093 941 3335 1047 impe-

444 1070 657 1169 tret3
759 1092 942 1150 cum
1012 1067 1305 1151 'autem
1384 1067 1866 1177 peccatores„
1884 1067 2156 1175 simus
2217 1070 2319 1161 ἔθ’
2382 1075 2583 1159 aliis
2596 1137 2620 1179 ,
2681 1072 3160 1184 misterandae
3223 1071 3345 1157 vi·

456 1199 702 1283 vendi
764 1199 1123 1285 rationis
1162 1196 1399 1308 causa
1417 1258 1439 1300 ,
1502 1199 1737 1284 bonis
1775 1195 2181 1313 exemplis
2223 1205 2368 1316 effe
2400 1233 2889 1315 neqveamus
2904 1270 2925 1311 ‚
2959 1203 3355 1316 stenelum

455 1335 873 1450 Magnum
895 1403 917 1445 ,
975 1361 1333 1425 unacum
1385 1332 1800 1420 laudanda
1855 1339 2101 1447 ipsius
2149 1346 2373 1446 vita,
2469 1368 2718 1452 qvam
2793 1362 3072 1426 omnes
3118 1338 3356 1449 seqvi

447 1481 775 1591 ejusqve
792 1480 1060 1593 sacris
1109 1481 1507 1593 exemplis
1539 1447 1729 1569 duci
1769 1484 1996 1568 decet
2016 1543 2040 1585 ‚
2103 1481 2664 1592 monstramus.
2791 1478 3201 1564 Caeterum
3246 1501 3353 1561 ne

452 1619 887 1710 leiloribus
912 1617 1052 1705 hoc
1052 1601 1432 1729 sermone
1451 1681 1473 1722 ‚
1541 1619 1963 1706 Dominus
1987 1619 2212 1702 enim
2246 1617 2484 1702 brevi
2511 1611 2700 1722 ufits
2712 1611 2838 1724 est,
2868 1610 3174 1721 molesti
3186 1606 3353 1721 fia·
3476 1684 3481 1690 .

448 1782 636 1846 mus
651 1815 673 1858 ‚
737 1753 1153 1864 historiam
1192 1754 1399 1839 hanc
1428 1747 2089 1866 intelligibilibus
2118 1750 2222 1842 Εἴ
2255 1754 2482 1838 veris
2533 1755 2955 1858 terminis,
3015 1767 3115 1837 ut
3153 1752 3353 1837 deus

449 1897 853 2012 percipere
869 1900 885 1920 “
900 1890 1134 1979 nobi-s
1159 1890 1421 1995 dedit,
1483 1888 2015 1979 declaramus.

1444 2107 2347 2190 ww
2429 2141 2436 2148 ·

1656 2472 1982 2654 Cap.
2064 2530 2147 2628 1.
2192 2519 2199 2526 ·

453 2707 1002 2941 Regnante
1054 2775 1146 2862 in
1190 2772 1631 2888 Norvegia
1674 2774 2070 2864 Haralldo
2108 2776 2195 2863 si
2201 2773 2445 2890 gurdi
2494 2774 2690 2891 filio
2707 2840 2729 2881 ‚
2800 2767 3378 2894 gubernarunt

711 2906 1075 2996 Orcades
1128 2912 1469 3002 comites
1509 2913 1664 2997 duo
1703 2908 2371 3019 fratres-Paulus
2417 2909 2522 3000 Εἴ
2568 2909 3005 3016 ErlenduS,
3047 2906 3231 3022 filii
3256 2936 3376 2998 coa

461 3052 705 3140 mitis
768 3044 1213 3131 Thorfinni
1231 3109 1254 3150 ‚
1316 3048 1458 3157 qvi
1519 3040 1746 3132 inter
1801 3049 2145 3133 comites
2210 3044 2704 3168 Orcadenses
2775 3043 3377 3159 potenttffimus

443 3165 672 3296 fail,
716 3179 967 3294 filius
997 3186 1336 3269 comitis
1371 3181 1453 3268 Si
1457 3180 1705 3293 gurdi
1730 3245 1753 3286 ‚
1815 3208 2058 3293 qvem
2074 3245 2098 3287 ,
2159 3211 2344 3269 cum
2403 3203 2582 3274 toto
2604 3186 2887 3299 populo
2914 3183 3387 3292 Orcadenfi,

431 3311 582 3414 'ad
605 3322 1160 3438 Christianam
1207 3321 1693 3435 religionem
1735 3325 2141 3431 perduxit
2180 3349 2336 3409 rex
2364 3321 2613 3414 Olaus
2642 3324 3116 3437 Tryggvii5
3183 3325 3378 3413 ceci.

470 3460 602 3544 dit
633 3450 1032 3565 Sigurdus
1062 3453 1201 3563 iste
1247 3457 1338 3540 in
1376 3453 1668 3565 praelio
1695 3453 2067 3539 Brianico
2110 3459 2201 3541 in
2238 3453 2661 3573 Hibernia.
2789 3455 3084 3545 Mat-er
3106 3458 3385 3545 Erlen·

481 3589 564 3675 di
583 3590 700 3680 θ’
725 3587 946 3675 Pauli
983 3608 1170 3675 erat
1199 3588 1707 3701 Ingiburgis‚
1765 3608 2045 3677 mater
2081 3595 2478 3678 comitum
2519 3597 3134 3706 cognominata,
3196 3594 3385 3705 filia

478 3727 810 3812 comitis
848 3723 1089 3841 Finnj
1137 3724 1464 3830 Arnaei3
1529 3721 1973 3808 Haralldus‘
2027 3741 2316 3809 autem
2369 3722 2697 3834 Sigurdi
2752 3722 3003 3834 filius
3048 3751 3389 3815 uxorem

492 3858 791 3944 habuit
806 3854 1233 3959 Tlmram,
1276 3852 1568 3965 filiam
1587 3853 2079 3967 Thorbergi
2110 3856 2430 3958 Arucci,
2491 3849 2849 3941 matrem
2873 3855 3059 3940 0121·
3076 3858 3389 3974 Qieti‚

480 4003 693 4091 unde
727 4001 1168 4088 memorati
1196 4000 1536 4086 comites
1549 4060 1571 4101 ‚
1633 4022 1815 4083 cum
1857 4020 2048 4109 rege
2085 3987 2290 4075 Olao
2317 3988 2703 4097 fratrum.
2735 4019 2841 4077 ex
2846 3988 3201 4100 filiabus
3254 4021 3383 4081 ne·-

483 4152 722 4246 potes
754 4136 1136 4220 extitere.
1239 4129 1601 4217 Erlendo
1636 4156 1849 4219 uxor
1880 4146 2068 4216 erat
2082 4126 2381 4215 Thura
2404 4192 2426 4232 ‚
2453 4124 2657 4238 filia
2674 4123 3393 4242 Sumarlidiiospa-

499 4266 584 4353 ki
607 4267 796 4377 filii
809 4298 845 4379 ,-
906 4285 1184 4357 mater
1213 4264 1512 4381 Ospaki
1539 4284 1731 4358 erat
1742 4263 2180 4372 Thordisa,
2194 4264 2392 4374 filia
2420 4260 3055 4358 Halli.Sidenfis;
3082 4263 3397 4377 Egillus

1887 4403 1925 4490 1
1965 4403 2060 4487 ii
3092 4427 3391 4491 nomen
