4100 5284
1286 356 1839 449 HISTORIA
1913 356 2520 448 ORCADENS
2533 358 2741 446 UM.
3201 364 3265 469 ’4
3275 379 3322 471 5

437 614 756 697 interea
818 609 1137 696 Comite
1171 604 1444 691 Brufio
1477 603 1998 691 Thorfinnus
2020 606 2408 719 singulas
2439 598 2939 715 instalassuae
2981 607 3217 691 addit
3252 608 3581 695 ditioni.

418 749 720 834 Fertur
765 760 1046 827 autem
1068 736 1317 851 filius
1370 739 1610 824 Brufii
1675 736 2236 850 Rbgnvalldus
2305 757 2351 826 e
2402 738 2685 848 praelio
2744 734 3356 844 Stiklastadenfi‚
3432 743 3581 826 ubi

423 879 822 962 ceciderat
869 876 1046 961 Rex
1077 871 1323 959 Olaus
1337 937 1359 978 ‚
1423 902 1606 959 cum
1673 874 1874 959 aliis
1916 872 2270 988 fugatis
2316 874 2671 957 evadens
2687 933 2711 976 ,
2773 868 3257 957 Haralldum
3309 872 3580 983 Sigur-

417 1007 498 1092 di
580 1011 837 1127 Regis
897 1007 1074 1092 Olai
1122 1005 1499 1118 fratrem
1529 1071 1554 1112 ‚
1632 1004 1993 1096 saucium
2079 1005 2317 1092 valde
2379 1003 2670 1115 secum
2740 1006 3156 1122 abduxiffi’
3173 1071 3197 1111 ,
3263 1007 3577 1118 sanan·

410 1147 753 1254 dmnqve
849 1142 1012 1233 vili
1088 1145 1419 1228 cuidam
1481 1142 1770 1254 rustico
1839 1138 2264 1248 tradidiffe
2281 1201 2302 1241 ‚
2399 1141 2608 1224 nrzde
2677 1139 2760 1222 K
2762 1139 3020 1225 io'lum
3079 1144 3577 1227 transeundo

399 1296 546 1388 per
627 1276 1023 1388 Jamtiam
1105 1278 1199 1361 in
1265 1274 1550 1359 Svecia
1611 1275 1921 1390 Regem
1985 1269 2508 1359 Aunundum
2588 1275 2985 1365 convenit.
3180 1272 3575 1361 Haralldo

406 1438 600 1497 vero
654 1413 897 1496 donec
907 1405 1373 1520 sanaretur
1434 1426 1975 1512 commorata,
2022 1496 2031 1499 ,
2071 1410 2391 1494 villicus
2432 1401 2742 1517 filiunt
2753 1402 3013 1517 fhum
3072 1410 3413 1495 itineris
3445 1406 3579 1522 Jb·

398 1545 619 1628 cium
724 1547 965 1628 addit
979 1575 1023 1654 5·
1108 1545 1400 1631 exinde
1492 1562 1637 1655 per
1712 1568 1726 1578 ·
1734 1544 1796 1655 J
1799 1545 2135 1628 amtiam
2230 1543 2322 1624 in
2419 1539 2797 1625 Sveciam
2894 1540 3168 1629 delato
3262 1542 3575 1630 clancu-

404 1676 581 1761 lum
594 1740 619 1780 ,
712 1705 898 1763 cum
964 1680 1053 1765 in
1119 1677 1495 1791 virgulto
1560 1681 1912 1790 qvodam
1976 1676 2082 1761 ab
2148 1675 2502 1791 invicem
2569 1672 3121 1782 descenderent
3132 1737 3156 1782 ,
3218 1676 3429 1765 talis
3461 1681 3580 1787 ‘ei

399 1812 820 1898 cantilena
884 1814 1219 1903 excidit.
2399 1792 2422 1798 ’

916 2031 1126 2146 Jam
1199 2060 1441 2149 cogor
1499 2036 1597 2121 de
1613 2028 1865 2144 filva
1929 2035 2021 2117 in
2056 2029 2394 2143 sylvam

888 2186 1221 2302 serpere
1275 2204 1538 2297 parvo
1601 2213 1788 2273 cum
1864 2183 2162 2271 honore
2179 2244 2206 2289 ,
2579 2170 2586 2176 ’

892 2367 1111 2433 „num
1172 2343 1360 2451 qvis
1391 2338 1573 2448 fiit
1634 2367 1784 2451 qvo
1861 2339 2144 2423 minus

908 2490 1193 2604 paffim
1257 2493 1595 2577 tandem
1682 2488 2208 2600 inclarcsswm

386 2711 830 2801 Haralldus
923 2717 1015 2799 in
1094 2713 1465 2799 Sveciam
1552 2712 1878 2798 delatus
1955 2711 2365 2799 Comitem
2450 2710 3067 2824 Rognvalldum
3147 2721 3563 2825 convenit,

387 2855 526 2965 qvi
591 2876 780 2937 cum
840 2873 1149 2962 magna
1165 2911 1188 2950 ‚
1256 2873 1431 2956 qvae
1499 2842 1709 2932 Olao
1773 2845 1989 2960 Regi
2051 2843 2503 2957 adhaelerat
2564 2848 2885 2935 cohorte
2903 2912 2925 2953 ‚
2993 2850 3234 2937 ambo
3299 2856 3562 2937 orien—

383 3001 553 3069 tem
656 2979 930 3092 versus
1022 2981 1111 3066 in
1204 2977 1566 3087 Ruffiam
1657 2980 2086 3064 tendentes
2192 3005 2352 3063 non
2434 2980 2674 3084 prius
2752 2977 3209 3091 subststunt
3295 3002 3306 3049 ῑ
3317 3012 3566 3095 qvam

372 3111 953 3225 Holmgardiae
1044 3113 1347 3227 Regem
1425 3104 1949 3221 Jarizleifum
2031 3108 2570 3209 conveniunt,
2672 3112 2733 3192 d
2791 3138 2943 3218 qvo
2965 3173 2988 3213 ‚
3022 3110 3322 3221 sancti
3385 3114 3565 3201 Olai

376 3251 637 3365 Regis
715 3245 989 3360 caasa,
1071 3247 1473 3334 ambabus
1557 3240 1781 3327 ulnis
1841 3242 2197 3352 excepti,
2298 3236 2603 3350 Rusfiae
2684 3258 3008 3330 tutores
3028 3305 3053 3351 ‚
3147 3272 3318 3334 una
3381 3275 3564 3338 cum

376 3381 729 3495 Erlingo
801 3382 1123 3468 Comite
1138 3443 1161 3485 ‚
1221 3372 1579 3467 Comitis
1639 3376 2130 3489 Ro’gnvaHdi
2188 3372 2367 3485 filio
2431 3373 3058 3486 constituuntur.

612 3716 643 3743 .
822 3570 1412 3741 ‚Magnus
1541 3563 1869 3698 Olai
1989 3564 2710 3738 Norvegiae
2818 3566 3128 3702 Rex

1586 3756 2360 3929 defignatur.
3324 3945 3405 4013 A·
3442 3951 3531 4022 n.

372 3959 1017 4155 Rfignvalldus
1106 4034 1344 4123 Brufii
1441 4038 1535 4120 in
1608 4032 1870 4121 Ruffia
1952 4061 2137 4120 cum
2214 4031 2696 4121 Haralldius'
2762 4030 3098 4145 Sigurdi
3195 4039 3288 4124 in
3319 4062 3560 4159 1030

371 4202 722 4292 regnum
791 4165 1777 4281 Constantinopolitanum
1792 4165 2435 4414 ¹3{e3confi‘rress
2496 4169 2975 4259 remanebat
2991 4170 3287 4417 ’vgeqstuig
