4100 5284
1005 275 1547 395 HmoRIA
1634 274 2507 370 oRcADENsmM.
2865 289 2870 306 ·
3043 279 3227 394 105·

320 553 509 616 vera
523 528 537 538 ’
547 526 725 638 fint
740 590 764 634 ‚
824 524 1125 637 refers,
1171 522 1418 639 spero
1479 545 1764 618 tamen
1823 524 2123 612 melius
2193 549 2443 639 qvam
2505 499 2715 612 dicis
2773 535 3005 616 m'eas
3029 526 3055 538 ’”
3074 554 3211 614 res
3264 527 3347 598 A·
3371 531 3463 599 D·

318 663 677 772 constitui
693 724 717 764 ‚
768 657 1160 772 fortaffis
1217 663 1482 747 etiam
1545 661 1710 747 haec
1771 677 1872 745 tu
1933 687 2125 746 vere
2188 683 2349 748 non
2407 661 2721 748 videris
2732 690 2767 772 ‚·
2848 658 3000 748 Ad
3043 661 3208 749 baec
3232 623 3499 816 81367

312 796 743 904 fatidicus,
821 822 928 883 ex
1000 795 1136 881 his
1206 820 1685 908 qvaecunqve
1751 794 1903 906 ipsi
1940 794 2308 905 placeret
2394 797 2623 886 illum
2710 796 3029 886 credere
3088 820 3219 901 ro:
3351 760 3516 842 *¹5*

309 931 564 1047 gabat
577 993 601 1037 ‚
653 913 969 1043 adiefl‘o
1005 929 1172 1018 haec
1202 931 1482 1018 omnia
1497 926 1696 1038 sore
1716 945 2172 1041 eventura.

602 1491 830 1626 De
889 1373 2141 1661 consssiisHaconis
2205 1489 2589 1700 Pauli
2659 1488 2915 1633 filii.
3039 1489 3044 1496 ’

319 1817 442 2014 P
438 1915 554 2027 ost
652 1917 821 2006 haec
904 1918 1204 2008 Hacon
1302 1919 1611 2038 Regem
1716 1921 2054 2034 Ingium
2155 1926 2543 2012 convenit
2585 1984 2613 2029 ,
2700 1885 2936 2036 apud
3027 1945 3235 2011 eum
3292 1919 3467 1995 ciret
3531 1899 3540 1906 ”

314 2045 830 2164 aliqvamdiu
900 2074 1312 2174 moratus,
1408 2049 1763 2160 abeundi
1822 2060 2162 2145 veniam
2230 2061 2634 2170 impetrat
2704 2053 2813 2146 ἔθ’
2855 2059 3230 2169 primum

318 2185 404 2270 in
448 2187 904 2300 ‹Norvegia
967 2209 1411 2306 cognatum
1473 2219 1750 2308 regem
1784 2193 2206 2306 Magnum
2255 2194 2485 2307 petit
2543 2188 2648 2282 ἔθ’
2707 2192 2814 2281 ab
2877 2189 3041 2305 ipso
3083 2189 3224 2316 bu·

315 2323 685 2410 maniter
746 2328 1179 2438 excipitur.
1308 2327 1621 2414 Audiit
1682 2327 1994 2415 ibidem
2072 2328 2171 2415 de
2239 2327 2360 2414 Or
2368 2323 2702 2414 cadibus
2721 2389 2745 2432 ‚
2810 2326 3224 2416 Comitem

316 2451 776 2544 Erlendum
807 2460 1175 2571 plurima
1206 2463 1372 2548 iaie
1389 2525 1413 2565 ‚
1461 2461 1748 2574 populi
1782 2464 2096 2581 animis
2112 2464 2286 2574 sibi
2318 2466 2759 2554 admodum
2803 2459 3231 2567 devincitis,

318 2616 641 2708 regere,
717 2593 1053 2714 Raulum
1132 2585 1416 2684 autem
1493 2597 1737 2709 ipsius
1801 2615 2137 2709 patrem
2203 2602 2300 2688 de
2363 2626 2615 2716 regno
2670 2616 2976 2712 parum
3018 2594 3236 2704 sodi·

319 2731 608 2815 citum
801 2729 1256 2817 Videbatur
1348 2732 1614 2817 etiam
1705 2733 2134 2845 exqvirere
2227 2734 2335 2821 ab
2409 2738 2578 2822 illis
2648 2736 2791 2846 qvi
2867 2731 2975 2820 ab
3033 2729 3231 2816 occi·

312 2864 566 2960 dente
645 2891 944 2951 venere
998 2862 1333 2978 fideqve
1405 2868 1663 2982 digna
1744 2868 2261 2976 potis-fimum
2350 2871 2475 2955 illi
2570 2865 2926 2954 retulere
2956 2924 2980 2968 ,
3080 2859 3236 2948 Or·

323 2995 698 3083 cadenses
767 2997 1013 3109 ipsius
1090 3002 1452 3085 reditum
1515 3017 1817 3111 parum
1895 3002 2345 3104 desiderare
2376 3062 2400 3105 ‚
2486 3000 2936 3110 tranquida
3011 2995 3240 3085 enim

312 3150 514 3244 pace
576 3134 843 3245 qvieti
883 3129 1439 3243 fruebantur,
1532 3135 1889 3217 timuere
1966 3148 2253 3218 autem
2271 3193 2295 3236 ‚
2335 3133 2427 3244 st
2477 3131 2778 3217 Hacon
2861 3130 3046 3216 illuc
3107 3152 3240 3212 ve-

319 3273 589 3369 niret,
663 3292 764 3351 ne
787 3262 1301 3376 seditionum
1369 3262 2027 3379 diffi'diorumqve
2089 3263 2334 3379 caula
2396 3263 2794 3379 existeret.
3029 3259 3241 3354 Cum

324 3413 617 3487 autem
680 3398 845 3485 haec
890 3397 1166 3509 lecum
1226 3402 1780 3488 meditaretur
1840 3400 2143 3486 Hacon
2158 3463 2184 3506 ,
2252 3377 2417 3490 uon
2446 3398 2814 3510 abfimile
2849 3414 3245 3514 cognatos

299 3530 506 3649 suos
571 3558 921 3644 regnum
973 3549 1470 3640 retenturos,
1505 3532 1610 3644 se
1670 3553 1953 3621 autem
1984 3599 2009 3639 ‚
2067 3537 2145 3644 si
2200 3564 2362 3623 non
2408 3536 2808 3647 freqvens
2867 3559 2959 3625 eo
3013 3530 3239 3622 veni·

327 3683 488 3771 ret,
556 3665 665 3751 ab
712 3667 1007 3751 iisdem
1038 3693 1198 3754 non
1231 3684 1514 3754 tutum
1526 3665 1725 3779 fore
1774 3688 2018 3755 ratus
2059 3670 2202 3780 est,
2264 3672 2478 3756 unde
2534 3670 2633 3756 id
2655 3664 2975 3776 confilii
3005 3667 3254 3772 ¹cepit,

330 3816 432 3885 ut
511 3797 795 3913 regem'
872 3798 1293 3910 Magnum
1369 3802 1468 3892 de
1558 3799 1883 3896 auxilio
1965 3804 2500 3920 recuperandi
2591 3802 2689 3890 in
2784 3790 3249 3888 orcadibus

332 3957 693 4051 regnum
725 3927 1255 4046 soHicitaret·

3275 2027 3361 2095 A.
3403 2025 3493 2093 ι).

3271 2132 3519 2230 1094
