4100 5284
1192 389 1727 484 HISTORIA
1791 319 2657 484 ORCADENSIUM.
3142 363 3371 514 '229

454 621 744 752 fabris
768 635 1016 743 fimul
1040 637 1402 748 adscitis,
1421 639 1657 746 cujus
1679 621 2001 725 tellura
2021 655 2360 724 tantum
2386 635 3071 750 hisstmesiribus,
3102 658 3202 727 ut
3216 668 3377 728 non
3422 645 3500 708 A·
3531 643 3612 708 D·

450 759 613 881 par
639 790 997 884 qvatuor
1023 773 1163 858 vel
1183 776 1531 883 qvinqve
1566 774 1880 878 exinde,
1915 757 2453 887 augmentum
2484 776 2730 884 cepit,·
2767 770 2972 858 Kolo
3005 773 3179 861 heic
3203 792 3375 884 prae
3412 756 3447 822 ¹
3475 758 3509 825 ¹
3532 756 3577 848 3
3590 754 3649 846 7

454 902 656 989 aliis
662 904 1096 1015 struc‘iurae
1114 901 1217 993 δ’
1229 905 1653 993 methodus
1668 905 2168 1016 construendi
2185 931 2427 1014 cura,·‚
2453 904 2572 1017 ast
2601 923 2797 1017 opus
2818 903 3371 1014 maturefiens

449 1039 740 1123 comiti
772 1035 1348 1149 impendiosum
1372 1036 1682 1149 fiebat,
1726 1044 2081 1125 materie
2121 1057 2514 1153 perqvam
2566 1038 3033 1149 consumta5
3103 1036 3366 1146 consu·

453 1168 682 1255 lebat
712 1187 908 1255 tunc
921 1188 1289 1282 patrem,
1336 1174 1477 1283 qvi
1506 1173 1603 1257 id
1623 1171 1934 1280 consilii
1961 1175 2193 1258 dedit
2210 1234 2232 1275 ,
2274 1191 2374 1258 ut
2409 1199 2670 1259 comes
2698 1172 2874 1286 lege
2888 1172 3367 1283 stabilitum

445 1297 690 1411 suffe
714 1305 1055 1404 diceret,
1118 1308 1333 1415 qvod
1346 1307 1692 1390 comites
1709 1299 2029 1413 praedia
2056 1308 2333 1392 omnia
2364 1304 2910 1415 poffi’fforibus
2961 1302 3365 1410 defunctis

435 1435 639 1541 jure
716 1452 1112 1548 tanqvam
1189 1436 1713 1523 haereditario
1776 1436 1928 1541 sibi
1987 1437 2530 1545 vindicaffent
2544 1497 2568 1538 ,
2663 1438 3019 1526 haeredes
3081 1455 3364 1525 autem

448 1569 732 1654 eadem
794 1570 1343 1679 redemiffi’nt,
1419 1573 1637 1682 qvod
1695 1588 1912 1683 aegre
1973 1567 2222 1681 vulgo
2261 1568 2730 1677 serebatur.
2926 1574 3152 1658 Tunc
3218 1572 3363 1660 Co-

443 1725 622 1785 mes
682 1721 1167 1790 conventum
1228 1720 1618 1790 convocat
1656 1700 1760 1790 θ’
1819 1700 2107 1787 incolis
2159 1704 2474 1810 praedia
2506 1698 2678 1812 fita
2738 1709 3077 1791 emenda
3136 1705 3360 1792 obtu-

439 1830 592 1937 lit,
689 1862 791 1920 ne
843 1837 1107 1947 postea
1164 1839 1568 1923 redimere
1629 1833 2017 1943 neceffiem
2081 1833 2306 1942 effet,
2392 1835 2490 1919 de
2565 1862 2717 1943 qvo
2793 1841 3020 1922 inter
3082 1862 3361 1922 omnes

444 1969 577 2054 ita
642 1974 1023 2058 con-venit
1038 2032 1061 2073 ‚
1123 1985 1225 2056 ut
1247 1967 1615 2083 singulis
1677 1966 2095 2079 placeret5
2161 1991 2331 2050 una
2378 1981 2664 2050 autem
2708 1994 2995 2053 marca
3034 1986 3181 2080 pro
3188 1969 3359 2076 stn-

447 2101 682 2218 gulis
736 2103 1077 2218 jugeris
1139 2105 1232 2189 in
1297 2104 1507 2189 totis
1568 2096 1858 2210 infidis
1926 2116 2117 2186 erat-
2161 2094 2592 2208 fhlvenda3
2668 2098 2927 2210 postea
2991 2127 3184 2188 vero
3249 2101 3365 2187 ad

446 2221 845 2346 templu‘m
923 2233 1491 2347 ‘edificandum
1569 2235 1913 2344 pecunia
1987 2258 2149 2320 non
2227 2224 2570 2342 defuit5
2652 2231 2761 2344 est
2834 2235 3107 2339 etiam
3171 2235 3358 2345 ejus

411 2366 838 2479 ‘struitura
899 2396 1212 2484 magna
1270 2367 1672 2481 industria
1733 2364 2181 2454 elaborata.

681 2609 1075 2749 Venit
1118 2645 1302 2744 ex
1347 2605 1810 2745 Scotia
1850 2606 2607 2780 Episcopus
2649 2611 3109 2786 Jonas,

438 2827 832 3030 Comes
892 2935 1446 3052 Rfignvalldus
1507 2937 1656 3023 ubi
1718 2930 2175 3023 orcadibus
2249 2939 2458 3023 duas
2519 2933 2838 3046 hyemes
2869 2935 3349 3048 praefuerat,
3388 2955 3426 3024 1
3452 2954 3644 3050 139·

441 3076 537 3160 in
562 3070 1035 3187 praediosuo
1083 3069 1620 3160 Knar'rastadis
1666 3073 2044 3157 convivio
2093 3073 2507 3155 intererat
2519 3069 2728 3180 festo
2744 3068 3083 3190 julensi,
3114 3070 3349 3177 cnjus

406 3204 675 3320 =fianta
706 3209 840 3295 die
871 3211 1180 3312 evenit,
1246 3224 1346 3293 ut
1385 3207 1630 3291 navis
1673 3232 1716 3290 e
1755 3204 2136 3306 meridie,
2192 3198 2753 3287 Petlandieum
2780 3202 3060 3314 finum
3105 3203 3349 3289 relin-

437 3367 695 3454 qvens
710 3404 733 3445 ‚
767 3343 1157 3428 advenire
1203 3338 1808 3451 conspiceretur.
1936 3338 2115 3424 Aer
2144 3354 2331 3422 erat
2351 3334 2730 3448 placidus
2739 3365 2776 3445 ;
2848 3337 3130 3424 Comes
3160 3363 3347 3423 cum

431 3473 736 3561 multis
752 3475 986 3584 foris
1026 3476 1295 3585 stabat
1341 3469 1443 3561 ἐπ’
1471 3497 1767 3557 navem
1816 3466 2320 3578 observabat.
2447 3470 2663 3556 Erat
2697 3471 2820 3555 ibi
2849 3471 2987 3556 vir
3015 3473 3343 3557 nomine

434 3601 728 3693 Rolfus
772 3609 1133 3696 Comitis
1150 3605 1525 3718 sacerdos
1570 3604 1908 3688 aulicus.
2045 3602 2406 3688 Advenae
2438 3619 2720 3689 autem
2754 3602 3162 3713 postquam
3206 3630 3343 3687 na·

435 3771 627 3829 vem
674 3742 1155 3856 appulerant
1201 3742 1305 3827 ab
1358 3740 1641 3825 eadem
1692 3732 2107 3841 discedunt
2124 3793 2150 3835 ,
2211 3757 2406 3842 qvos
2453 3731 3073 3845 R6gnvalldiani
3117 3736 3342 3843 qvin-

440 3876 711 3961 decem
755 3894 909 3964 aut
915 3873 1284 3985 fidetem
1326 3868 1470 3983 effe
1518 3870 1905 3982 codigunt
1919 3930 1942 3970 ‚
2007 3868 2100 3950 in
2129 3867 2410 3975 prima
2445 3884 2725 3952 autem
2777 3856 2952 3953 acie
2989 3868 3173 3953 ibat
3206 3870 3345 3955 vir

433 4024 637 4122 toga
671 4010 1015 4094 indutus
1047 4007 1387 4095 caerulea
1408 4067 1430 4107 ,
1497 4005 1649 4115 qvi
1676 4002 1945 4087 crines
1975 4000 2291 4108 raptim
2308 3995 2461 4105 snb
2486 3998 2801 4107 pileum
2831 4000 3343 4111 complicave-

442 4155 630 4245 rat,
709 4142 801 4226 in
868 4139 1436 4228 anterioribus
1497 4137 1763 4222 menti
1805 4132 2152 4218 barbam
2197 4126 2558 4240 raserat,
2620 4157 2799 4243 qvae
2843 4137 2932 4219 in
2981 4138 3375 4220 maxillis-

436 4297 599 4362 non
613 4271 798 4384 rasti
811 4274 1048 4390 longe
1068 4269 1670 4362 demittebatur
1682 4295 1718 4377 ,·
1773 4267 1922 4482 V?
1955 4263 2092 4374 iste
2131 4266 2565 4351 mirandus
2580 4268 3044 4371 videbatur,
3064 4261 3344 4368 Rolfus
3412 4269 3419 4276 “

1740 4395 1810 4484 F
1935 4412 1984 4505 3
2302 4419 2311 4425 ’
3055 4419 3336 4487 autem
