4100 5284
1165 301 1711 440 HISTORIA
1781 338 2649 456 ORCADENSwM.
2776 441 2781 446 ,
3150 355 3264 452 ‚22
3286 354 3323 425 1

699 595 922 733 De
991 592 1464 730 Sveine
1529 588 2170 728 Asle‘ifide
2235 583 2374 719 in
2443 578 3081 792 Orcades

771 873 782 878 ·
1644 820 2074 938 eunte.

1195 1027 1202 1058 .

415 1028 619 1224 M
620 1131 1003 1247 anifhstat
1068 1133 1202 1221 die
1265 1134 1618 1246 qvodam
1682 1129 2158 1242 Margareta
2224 1125 2500 1215 Sveini
2567 1127 2659 1214 in
2705 1119 3159 1213 Orcadibus
3199 1126 3342 1216 Co·

414 1274 712 1357 mitem
795 1266 1412 1381 Rognvalldum.
1482 1269 2127 1354 conveniendum
2210 1267 2360 1378 effe
2437 1261 2543 1353 Εἴ
2554 1307 2561 1314 ·
2606 1266 2869 1350 eidem
2957 1263 3346 1350 conditio·

415 1431 604 1490 nem
685 1402 1190 1512 offerendam
1267 1420 1553 1488 utram
1635 1419 2055 1513 acceptare
2119 1399 2371 1486 vellet
2386 1461 2409 1503 ‚
2489 1400 2898 1514 Comitem
2962 1393 3351 1500 Paulum,

413 1564 531 1623 an
591 1534 1076 1622 Haralldum
1148 1562 1429 1624 eorum
1495 1532 1828 1646 filium,
1900 1553 2078 1620 tres
2140 1558 2400 1620 annos
2428 1539 2781 1639 natum,
2849 1536 2942 1620 in
2995 1549 3393 1645 regnum·

389 1668 674 1783 ficum
723 1674 813 1756 in
860 1668 1343 1756 Orcadibus.
1471 1670 1645 1756 Hoc
1691 1696 1876 1753 cum
1924 1666 2275 1777 praefi’ns
2323 1669 2658 1752 audiret
2717 1693 2980 1753 comes
3029 1663 3347 1768 Paulm,

393 1802 831 1915 respondet
844 1835 879 1914 ‚-
949 1805 1053 1914 est
1073 1866 1097 1909 ‚
1178 1806 1457 1914 inqvit
1471 1862 1496 1906 ‚
1574 1805 1671 1886 de
1724 1804 2001 1887 animo
2059 1828 2235 1887 meo
2276 1797 2800 1906 referendum
2815 1861 2837 1902 ,
2901 1826 3032 1883 me
3072 1823 3339 1910 regno

413 1964 592 2025 meo
655 1943 784 2024 ita
834 1939 1349 2048 valedixiffl’,
1412 1951 1513 2020 ut
1549 1941 1707 2044 par
1757 1961 1991 2019 nemo
2044 1935 2473 2019 audiverit
2486 1961 2521 2040 ,·
2585 1929 2803 2017 Nolo
2849 1934 3113 2016 etiam
3146 1928 3341 2040 post·

399 2070 565 2157 hac
644 2074 736 2157 in
800 2070 1162 2157 Orcades
1240 2074 1529 2158 venire
1547 2132 1570 2173 ‚
1653 2069 1889 2156 video
1968 2062 2426 2154 vindiciam
2490 2064 2697 2150 hanc
2759 2090 2815 2149 a
2876 2066 3022 2150 deo
3077 2061 3344 2175 prose·

416 2205 541 2293 &o
591 2209 880 2294 datam
922 2206 1069 2316 effe
1088 2199 1333 2317 furti
1370 2232 1423 2291 a
1459 2203 1695 2291 nobis
1735 2199 1839 2292 Εἴ
1873 2202 2259 2316 cognatis
2294 2197 2517 2304 falli
2543 2217 2872 2309 paenam
2882 2229 2917 2307 ,-
2942 2199 3033 2308 si
3061 2214 3346 2286 autem

413 2339 691 2427 meum
745 2363 1094 2454 reg-num
1142 2339 1286 2450 effe
1330 2339 1568 2425 Deus
1623 2340 2008 2424 decernat
2021 2396 2046 2440 ‚
2110 2330 2507 2419 Haralldo
2562 2336 2782 2422 idem
2800 2397 2823 2438 ‚
2886 2335 3123 2421 modo
3146 2331 3346 2443 frui

412 2471 578 2585 ipso
630 2477 1063 2589 contingat
1082 2535 1105 2577 ‚
1169 2476 1367 2559 dare
1414 2473 1594 2560 volo
1613 2534 1639 2576 ,
1703 2471 1916 2556 mihi
1961 2488 2246 2560 autem
2271 2472 2664 2580 pecunias
2700 2472 2817 2556 ad
2850 2471 3131 2556 vitam
3154 2463 3352 2577 fini-

413 2611 734 2695 tarium
748 2671 772 2714 ,
822 2634 878 2693 a
918 2634 1049 2695 nze
1088 2606 1677 2719 instituendam
1691 2668 1714 2710 ‚
1779 2609 2013 2691 tradi
2062 2607 2291 2715 cupio
2311 2666 2334 2707 ‚
2400 2604 2517 2715 ast
2547 2604 2781 2693 vobis
2823 2629 3024 2689 cura
3068 2602 3220 2713 esto
3246 2629 3348 2692 ne

409 2744 605 2830 inde
641 2743 864 2830 elabi
903 2767 1217 2853 qveam.
1354 2740 1670 2827 Svacieo
1735 2757 2019 2828 autem
2059 2737 2416 2849 Sveinn3
2475 2754 2576 2823 ut
2619 2739 2711 2822 in
2747 2733 3107 2821 Orcades
3135 2736 3347 2821 dela·
3406 2807 3409 2811 .

405 2893 553 2962 tus
568 2939 590 2979 ,
652 2877 972 2986 referas
1033 2875 1300 2963 oculos
1343 2873 1557 2960 mihi
1603 2891 1883 2960 erutos
1936 2901 2220 2980 mea-ve
2275 2875 2366 2958 in
2418 2871 2799 2981 pluribus
2858 2865 3155 2979 laesum·
3170 2867 3343 2978 effe,

412 3012 671 3096 amici
715 3016 936 3096 enim
972 3011 1178 3112 mei,
1220 3008 1311 3116 st
1326 3003 1725 3117 sospitem
1758 3034 1891 3091 me
1903 3008 2219 3111 sciant,
2286 3008 2612 3093 domum
2645 3007 3030 3090 reducent
3046 3065 3069 3107 ‚
3133 3004 3350 3114 qvod

392 3144 483 3253 fi
502 3145 833 3229 eveniat
851 3207 874 3247 ‚
939 3145 1029 3228 in
1075 3167 1427 3257 regnum
1481 3142 1753 3228 redire
1782 3137 2152 3250 forsttan
2189 3135 2557 3250 recusare
2584 3161 2742 3224 non
2764 3137 3105 3250 pastum,
3171 3162 3346 3225 con-

391 3274 618 3385 jecto
644 3280 865 3363 enim
892 3279 1071 3364 illos
1064 3274 1696 3387 separationem
1718 3274 2070 3382 nostram
2088 3291 2243 3385 pro
2276 3273 2593 3381 maJ‘ore
2609 3335 2631 3377 ‚
2682 3295 2931 3383 qvam
2965 3273 3095 3385 esi,
3125 3274 3349 3360 dam·

255 3443 262 3446 ·
409 3438 519 3497 no
568 3410 1130 3522 aestimaturos.
1334 3409 1600 3497 Verba
1637 3408 1989 3495 Comitis
2008 3425 2317 3517 praeter
2353 3407 2516 3493 haec
2550 3433 2709 3494 non
2757 3425 3350 3495 memorantur.

409 3544 587 3652 Post
628 3543 794 3631 haec
821 3543 1126 3629 Sveinn
1155 3538 1483 3629 Asleifae
1525 3544 1615 3626 in
1652 3539 2011 3626 Orcades
2061 3542 2525 3627 revertitur
2548 3603 2571 3646 ,
2612 3544 2908 3630 comite
2943 3538 3193 3627 Paulo
3256 3541 3352 3623 in

412 3676 686 3764 Scotia
745 3694 1223 3765 remanente
1239 3706 1271 3785 ,-
1355 3679 1489 3763 ita
1535 3673 1843 3760 Sveinn
1895 3675 2060 3761 haec
2130 3673 2474 3777 retulit,
2540 3675 2658 3785 ast
2708 3677 3080 3785 (puidam,
3145 3674 3359 3784 qvod

407 3816 693 3899 minus
750 3815 976 3900 decet
991 3873 1015 3914 ,
1091 3810 1654 3923 Margaretam
1723 3828 1823 3895 ut
1863 3801 2226 3909 fratrem
2266 3805 2509 3919 suum
2558 3807 2970 3893 Comitem
3007 3802 3355 3906 Paulum

409 3965 856 4033 excaecaret
888 4014 901 4034 x
939 3942 1040 4048 {2'
1116 3945 1208 4031 in
1295 3944 1792 4066 ergastulum
1886 3944 2328 4051 conjiceret
2354 4002 2380 4047 ,
2477 3939 2531 4024 S
2538 3942 2660 4050 vei
2667 3965 2864 4024 nem
2953 3941 3354 4052 induxiſje

413 4077 518 4168 ἔθ’
619 4079 883 4169 alium
967 4081 1257 4166 deinde
1336 4097 1437 4165 ut
1523 4077 1780 4188 ipsum
1885 4095 2263 4165 enecaret
2288 4140 2311 4182 ‚
2409 4076 2797 4189 afferunt,
2910 4160 2917 4168 ,
3052 4076 3357 4163 Verum

410 4228 614 4301 utra
643 4213 940 4301 harum
974 4211 1473 4304 relationum
1508 4214 1782 4300 verior
1802 4211 1965 4320 fit,
2031 4211 2273 4300 nobis
2315 4236 2481 4301 non
2497 4210 2805 4323 constat
2814 4238 2851 4323 ,⁰
2917 4211 3035 4325 ast
3060 4228 3354 4301 notum

1647 4342 1994 4476 *Ee-3
3198 4344 3351 4455 ‚est
