4100 5284
1151 375 1688 468 HIS-mma
1747 357 2616 474 ORCADENSIUM.
2704 473 2741 495 N
3148 384 3332 494 367

425 647 634 718 rent.
768 628 977 716 Cum
1011 650 1178 740 una
1211 626 1737 712 convenirent
1798 623 2085 711 Comes
2108 619 2707 733 R6gnvalldus'‚
2759 626 2873 710 iis
2913 622 3337 712 concilian·
3389 605 3470 672 A.
3497 607 3587 674 D.

297 785 304 790 ’
421 768 572 852 dis·
594 786 989 875 magnam
1018 775 1341 868 operam
1380 755 1898 866 impendebat
1912 818 1933 859 ,
2000 782 2277 843 omnes
2311 773 2591 842 autem
2603 755 2796 865 jere
2827 761 2974 868 qvi
3003 763 3336 873 cognati
3379 721 3418 789 ¹
3447 709 3614 811 ¹58

419 914 574 985 aut
631 897 888 982 amici
947 890 1260 976 Sveinis
1305 915 1465 976 non
1516 906 1762 977 erant
1777 950 1802 994 ,
1865 891 2286 974 contraria
2311 887 2820 997 suadebant,
2901 891 3336 1002 afferentes

423 1027 678 1141 ipsum
698 1030 1035 1142 jugiter
1036 1021 1552 1135 seditionum
1585 1019 1911 1129 caulam
1940 1022 2299 1129 existere.
2428 1023 2567 1108 Ita
2604 1048 2793 1110 vero
2820 1022 3336 1110 transactum

381 1167 520 1274 ,eli
536 1227 558 1267 ,
621 1182 722 1249 ut
771 1162 1076 1246 Sveinn
1129 1159 1411 1267 cuiqve
1439 1156 1855 1254 Comitum
1880 1179 2249 1240 marcam
2274 1157 2471 1240 auri
2494 1156 2882 1264 penderet
2909 1158 3335 1243 retineret·

412 1327 564 1410 qve
579 1360 601 1402 ‚
666 1323 850 1383 cum
891 1294 1240 1379 dimidio
1284 1290 1774 1399 praediorum
1790 1349 1814 1388 ,
1880 1312 2180 1372 navem
2227 1285 2581 1400 longam.
2751 1290 3334 1400 Alloqvebatur

415 1434 783 1523 arbitros
844 1428 1200 1531 Sveinn,·
1287 1422 1768 1522 Concordia,
1844 1419 2197 1528 inqvit,'
2239 1419 2502 1529 nostra
2526 1415 3005 1530 firmtffima
3057 1424 3223 1509 erit
3262 1422 3339 1532 fi
3460 1524 3475 1532 q

413 1567 781 1674 injurias
830 1586 992 1646 non
1017 1557 1329 1668 patiar.
1519 1553 1826 1638 Noluit
1867 1577 1921 1635 a
1970 1550 2266 1636 Sveine
2309 1569 2725 1663 acceptare
2783 1556 3141 1644 multam
3187 1557 3332 1643 Co.

410 1727 584 1785 mes
633 1698 758 1783 R&
773 1688 1199 1805 gnvandus
1219 1748 1242 1791 ‚
1297 1688 1571 1772 dicens·
1589 1681 1693 1795 se
1745 1690 1962 1772 nulla
2009 1686 2097 1768 in
2146 1711 2237 1770 re
2281 1681 2538 1794 ipsum
2591 1714 2897 1773 vexare
2936 1695 3166 1792 velle,
3231 1686 3343 1776 ἔθ’,

389 1829 744 1944 firmam
798 1830 980 1934 ejus
1028 1821 1504 1914 amicitiam
1553 1819 1837 1927 opibus
1866 1817 2103 1929 longe
2137 1814 2553 1925 praeferre.
2687 1820 2968 1906 Comes
3022 1817 3331 1930 Ι-ΙειἝιΠ·Δ

412 1964 566 2050 dus
590 1963 761 2076 post
782 1972 1263 2048 conventum
1288 1956 1380 2037 in
1417 1949 1839 2059 Geireksey
1864 1946 1951 2055 le
1984 1946 2300 2058 confert
2334 1946 2884 2055 &frumenta
2902 2014 2926 2056 ‚
2991 1979 3134 2037 nec
3167 1980 3328 2040 non

261 2113 273 2126 ‘
413 2129 547 2188 res
597 2099 820 2183 alias
835 2157 858 2198 ,
903 2113 1080 2202 qvae
1140 2088 1266 2173 ibi
1314 2102 1557 2171 erant
1571 2144 1594 2187 ‚
1635 2077 2055 2190 consumit.
2191 2082 2491 2168 Verum
2553 2109 2735 2169 cum
2783 2083 2947 2171 haec
3001 2085 3336 2171 audiret

409 2233 716 2320 Sveinn
732 2291 756 2330 ‚
815 2229 1210 2312 damnum
1276 2218 1589 2306 Comiti
1638 2210 2155 2323 R6gnvalldo
2209 2217 2585 2324 qveritur
2597 2278 2622 2322 ,
2707 2217 3023 2303 talibus
3049 2216 3334 2326 foedus

405 2363 696 2479 frangi
745 2357 849 2449 ἔθ’
872 2356 976 2471 se
1055 2356 1171 2441 ad
1245 2347 1711 2459 invisendas
1770 2374 1902 2431 res
1915 2345 2123 2454 suas
2182 2348 2648 2457 domesticas·
2709 2352 3034 2436 iturum
3098 2353 3329 2437 dicit.

409 2493 1091 2613 RegeritComes
1126 2479 1728 2595 Rfignvalldu8‚
1774 2481 2002 2588 apud,
2016 2506 2145 2565 me
2179 2478 2488 2562 Sveinn
2516 2484 2921 2585 manebis,
2986 2494 3332 2570 mittam

409 2632 797 2719 nuncium
840 2626 959 2710 ad
995 2620 1402 2708 Comitem
1436 2610 1913 2720 Hatalldum
1937 2675 1959 2715 ‚
2027 2609 2189 2721 ipse
2245 2616 2466 2696 enim
2514 2630 2598 2697 te
2646 2615 2735 2697 in
2791 2619 3330 2705 contentioni·

407 2767 561 2851 bus
575 2799 612 2867 ,·
659 2758 1042 2872 qvamvis
1111 2747 1772 2862 magnitudinem
1823 2762 2000 2854 prae
2061 2761 2146 2828 te
2205 2741 2435 2846 feras
2495 2740 2598 2830 Εἴ
2661 2747 2803 2831 vir
2856 2747 3120 2852 fortis
3175 2749 3327 2858 fis,

382 2893 871 3009 ficperabit3
937 2886 1244 2972 Sveinn
1279 2878 1382 2987 se
1447 2877 1824 2987 diff-'vadi
1852 2902 2010 2961 non
2063 2874 2337 2984 paffus
2397 2901 2582 2960 cum
2639 2903 2928 2965 novem
2980 2877 3327 2964 Gareks-

410 3055 649 3139 eyam
685 3022 994 3138 scapha
1054 3017 1389 3105 vehitur
1426 3009 1753 3120 leroqve
1802 3005 2142 3117 vesperae
2169 3033 2258 3091 eo
2307 3006 2632 3093 delatus
2655 3027 2860 3120 pone
2910 3013 3357 3121 aedessub·.

403 3164 614 3274 fistit
626 3191 659 3270 ‚·
763 3154 966 3244 Vult
1045 3154 1325 3264 ignem
1392 3141 1754 3232 cubiculo
1830 3140 2325 3225 admovendo
2392 3141 2674 3226 villam
2762 3170 2948 3229 cum
3024 3143 3329 3256 incluso

418 3295 714 3382 comite
747 3287 1231 3376 comburere.
1424 3274 1728 3361 Sveinn
1791 3267 2140 3354 Blakaris
2204 3297 2494 3358 nomen
2542 3291 2731 3359 erat
2779 3278 2965 3363 viro
3030 3280 3173 3389 qvi
3205 3282 3325 3365 in,

414 3445 547 3515 ter
583 3421 1020 3537 stqventes
1067 3416 1217 3502 hac
1259 3413 1436 3497 vice
1471 3407 1853 3493 Sveinem
1889 3407 2285 3489 maximae
2314 3421 2532 3492 notae
2566 3423 2773 3492 erat.
2832 3479 2839 3484 .
2902 3409 3326 3520 Dzffvade·

414 3564 566 3647 bat
596 3559 728 3643 hic
766 3551 1207 3642 admodum
1240 3543 1600 3651 facinus,
1641 3536 1987 3645 afferens
2006 3538 2413 3621 Comitem
2427 3535 2665 3643 firte
2697 3566 2858 3628 non
2894 3545 3114 3630 domi
3146 3546 3328 3656 effe,

409 3715 697 3779 verum
731 3686 1111 3798 qvamvis
1177 3679 1297 3762 ibi
1363 3675 1589 3782 cffi’t,
1654 3696 1788 3753 eos
1852 3669 2092 3777 ipsius
2141 3694 2484 3753 uxorem
2551 3688 2704 3755 aut
2748 3672 3035 3782 filiam
3095 3682 3329 3763 exire

411 3847 570 3911 uon
652 3814 1170 3931 permiffuros
1187 3870 1209 3914 ,
1272 3800 1623 3913 inclustls
1687 3815 1967 3885 autem
2023 3799 2502 3886 ‘comburere
2585 3828 2746 3889 non
2824 3791 3322 3914 audendum,

2073 3971 2077 3978 ·
2897 3939 3319 4028 Accedunt
