4100 5284
1199 347 1734 443 HISTORIA
1783 347 2669 440 'ORCADENSIUM
3194 365 3376 486 405

998 593 1486 728 Caedes
1555 592 2087 730 Sveinis'
2133 589 2844 784 Asleifidae.
2952 619 2959 628 ·
3423 573 3645 680 4¹³·-

471 771 821 998 Surgit
892 907 1075 967 cum
1114 876 1308 991 ficis
1381 905 1625 967 mane
1691 876 2112 991 feqventis
2168 881 2341 965 diei
2403 874 2507 966 θ’
2563 894 2957 966 armatur
3021 877 3374 970 Sveinm

472 1015 812 1101 Adeunt
894 1018 1179 1101 deinde
1256 1016 1543 1103 urbem
1565 1078 1588 1121 ,
1668 1016 1916 1123 hujus
1995 1043 2179 1101 cum
2261 1018 2348 1101 in
2419 1031 2755 1126 portam
2818 1017 3203 1100 venirent
3262 1013 3379 1099 ad

437 1147 748 1258 foveas
808 1176 1055 1259 usqve
1120 1147 1486 1258 spatium
1548 1177 1900 1238 vacuum
1962 1151 2477 1261 reliqveruut
2541 1150 2874 1239 urbani.
3029 1147 3369 1234 Sveino·

457 1282 676 1365 niani
763 1284 1245 1391 infidiarum
1324 1278 1574 1393 neftii
1654 1288 1745 1370 in
1802 1315 1810 1324 ·
1822 1279 2115 1385 foveas
2190 1282 2796 1391 decurrebant,·
2898 1279 3305 1392 Oppidani
3332 1340 3361 1384 ,

447 1429 778 1525 portam
856 1418 1014 1506 alii
1051 1418 1352 1529 statim
1416 1436 1910 1529 oceuparunt
1924 1481 1945 1522 ‚
2003 1418 2166 1502 alii
2225 1419 2344 1503 ad
2384 1413 2683 1525 foveas
2742 1416 3232 1525 accff’runt
3251 1411 3363 1505 &-

454 1543 1055 1653 SveinonianiS,
1144 1547 1559 1660 refistendo
1641 1549 2103 1659 imparibus
2120 1610 2140 1651 ,
2214 1574 2456 1635 arma
2533 1546 3003 1633 intulerunt
3014 1576 3050 1657 ,·
3168 1547 3361 1646 hinc,

455 1675 761 1766 Sveinn
823 1708 1006 1767 cum
1059 1679 1448 1793 singulis,
1513 1682 1657 1793 qvi
1716 1682 2003 1767 urbem
2068 1677 2407 1795 ingreffi
2452 1696 2701 1766 erant
2723 1742 2745 1783 ‚
2808 1682 2900 1765 in
2928 1679 3190 1786 fovea
3228 1684 3353 1765 vi-

445 1842 627 1911 tam
668 1811 934 1927 finit,·
1016 1814 1318 1906 Fertur
1379 1827 1748 1911 omnium
1808 1820 2460 1938 commilitonum
2539 1820 2889 1905 ultimus
2949 1821 3357 1931 iuterizffi’.

442 1954 548 2046 Εἴ
576 1953 1010 2067 seqventia
1071 1953 1322 2040 verba
1386 1975 1638 2045 antea
1692 1959 2154 2077 protuliffe3
2220 1958 2551 2043 Notum
2566 2015 2588 2056 ,
2650 1955 2786 2038 ait
2800 2015 2822 2056 ,
2890 1951 3039 2062 esto
3063 1951 3359 2066 fingar

435 2091 548 2177 lis
562 2155 584 2196 ‚
642 2091 807 2197 live
855 2088 1087 2174 hodie
1148 2097 1469 2180 moriar
1506 2098 1688 2205 sive
1749 2124 1907 2184 uon
1921 2158 1945 2201 ‚
2022 2096 2240 2207 qvod
2296 2093 2616 2180 aulicus
2671 2090 2825 2197 lim
2870 2088 3140 2200 fizniii
3201 2091 3349 2178 Co·
3414 2080 3419 2085 ’

437 2229 684 2312 mitis
749 2220 1235 2331 Rbgnvalldi
1267 2289 1290 2331 ‚
1353 2227 1414 2312 ἄ
1470 2256 1630 2340 qvo
1693 2256 1945 2334 nunc,
2016 2225 2183 2339 post
2243 2226 2559 2330 Deum,
2624 2225 3039 2314 auxilium
3069 2219 3338 2333 spero.

435 2359 964 2446 Sveinoniani
1031 2369 1148 2451 ad
1214 2395 1466 2455 naves
1513 2367 1798 2476 statim
1861 2363 2287 2447 redierunt
2350 2358 2454 2449 ΕΤ
2515 2359 3175 2472 obnavigarunt‚
3239 2359 3345 2441 de-

425 2518 803 2600 qvorumx
831 2496 1173 2605 itinere,
1265 2530 1672 2617 qvousqve
1734 2502 1826 2586 in
1893 2494 2259 2583 Orcades
2327 2499 2753 2602 venirent,
2849 2494 3072 2581 nihil
3128 2493 3333 2598 refe·

424 2625 792 2710 rendum.
3334 2645 3343 2654 ·

686 2783 893 2871 Heic
957 2788 1053 2874 de
1116 2785 1411 2870 Sveine
1472 2784 1818 2896 historice
1879 2786 2129 2897 fini55
2195 2783 2575 2873 habetur·
2610 2788 2860 2903 vulgo
2920 2806 3067 2898 pro
3117 2805 3340 2898 praeo·

307 2969 318 2982 ·
418 2924 894 3035 stantzffimo
960 2953 1244 3013 eorum
1305 2929 1397 3011 in
1463 2925 2101 3012 occidentalibus
2161 2926 2638 3040 regionibus
2701 2932 2842 3036 qvi
2880 2926 2983 3016 &²
3013 2927 3319 3012 dudum

418 3058 522 3150 θ’
568 3068 889 3175 pridem
952 3092 1112 3151 non
1175 3064 1523 3170 majoris
1584 3063 2041 3172 dignitatis
2104 3066 2430 3148 nomine
2484 3064 2764 3176 gavisi
2792 3061 3030 3174 sunt.
3140 3061 3311 3169 Post

407 3195 701 3277 caedem
765 3191 1082 3277 Sveinis
1123 3192 1311 3302 filii
1375 3188 1623 3276 Olaus
1689 3186 1789 3277 ἔθ’
1855 3186 2229 3274 Andreas
2306 3191 2871 3280 haereditatem
2951 3193 3174 3277 inter
3225 3189 3333 3300 se-

406 3322 890 3435 diviseruut.
1081 3323 1574 3434 Exstruxere
1630 3321 1909 3427 prima
1966 3319 2138 3430 posi
2204 3321 2651 3412 interitum
2702 3326 2983 3434 patris
3042 3320 3327 3431 aestate·

402 3455 495 3539 in
580 3458 952 3545 triclinio
979 3520 1002 3563 ,
1083 3459 1304 3580 qvod
1373 3449 1865 3560 Gareks'eyae
1922 3453 2383 3563 poſjederat
2403 3517 2426 3559 ‚
2490 3460 2872 3573 ingenti,
2945 3455 3311 3565 parietes

400 3587 932 3696 transversos.
1063 3587 1349 3673 Duxit
1415 3583 1797 3669 Andreas
1857 3609 2201 3670 uxorem
2267 3584 2601 3671 Fridam
2661 3587 2935 3694 filiam
2993 3579 3308 3670 Kolbei·

397 3714 527 3798 nis
587 3718 904 3831 Hrugae
921 3781 945 3824 ,
976 3717 1354 3829 sororem
1405 3716 1669 3800 Biarni
1734 3714 2069 3826 epistopi
2137 3716 2742 3804 Orcadenfium.
3053 3737 3063 3748 ·

544 4011 767 4144 De
835 4012 1381 4147 Comite
1446 4010 2119 4223 Haralldo>
2206 4016 3171 4190 ejusqvejfiliis
3312 4071 3319 4078 ·

381 4209 830 4435 Regebat
899 4352 1003 4413 ea
1086 4326 1553 4436 tempestate
1621 4326 1987 4412 Orcades
2001 4391 2027 4433 ‚
2114 4334 2446 4442 dynasta
2504 4333 2880 4441 smnmus
2903 4400 2924 4442 ‚
3005 4342 3295 4432 Comes

383 4440 861 4539 natandum
927 4452 1065 4539 Ex
1129 4450 1374 4539 ducta
1432 4451 1752 4564 posthac
1814 4480 2070 4542 uxore
2085 4454 2564 4567 „Hvarflada
2600 4462 2805 4575 filia
2846 4467 3286 4596 Melkolmj

2917 4607 3278 4699 Comitis
