4100 5284
1085 459 1092 464 .
1165 387 1706 483 HISTORIA
1803 388 2665 485 ORCADENSIUM.
2998 403 3003 412 ’
3168 397 3348 505 399

414 638 684 754 stepit
733 636 837 728 ἔθ’
893 636 1302 748 postqvam
1350 630 1764 720 Haebudas
1814 633 2430 722 acHiberniam
2476 639 2745 723 armis
2791 634 3342 747 infestaverat,
3390 641 3474 711 A·
3503 643 3594 712 D.

430 769 600 881 post
644 768 1001 851 mediam
1050 766 1405 877 aestatem
1466 770 1795 854 domum
1856 769 2166 873 rediit5
2234 764 2439 854 hanc
2501 791 2845 852 vernam
2878 768 3346 875 appellabat
3377 759 3415 829 ¹
3449 753 3626 850 159

435 899 914 1008 piraticam.
1107 898 1304 982 Inde
1367 923 1618 1007 usqve
1690 924 1843 1007 qvo
1882 895 2344 1005 ‚meſjuerat
2411 923 2662 1011 agros
2725 895 2830 986 ἔθ’
2873 898 3347 1007 frumentis

437 1031 960 1142 prospexerat
975 1094 997 1134 ‚
1061 1033 1284 1117 domi
1315 1030 1621 1140 manfit
1635 1093 1657 1133 ‚
1714 1030 1975 1141 postea
2007 1028 2347 1146 militiae
2377 1047 2702 1139 operam
2729 1043 3082 1126 navavit
3098 1106 3122 1149 ,
3188 1071 3350 1133 non

431 1170 675 1278 prius
719 1191 965 1274 qvam
1016 1158 1307 1271 mensis
1358 1163 1668 1275 hyemis
1697 1161 2138 1273 effluxerat
2167 1162 2496 1248 domum
2528 1162 2895 1276 reversus
2932 1170 3036 1282 est
3078 1171 3184 1263 ἐπ’
3214 1201 3353 1263 au·

446 1297 906 1386 tumnalem
951 1296 1162 1383 hanc
1200 1301 1638 1409 appellavit
1660 1295 2142 1407 piraticam.

762 1515 1253 1653 Sveinn
1343 1512 1479 1646 in
1520 1484 2334 1647 'Hiberniam
2402 1519 3009 1662 tetendit.

456 1694 892 1895 Sveinem
930 1798 1292 1926 Asleifae,
1355 1827 1539 1889 cum
1575 1809 1921 1889 vernam
1955 1794 2853 1913 aliqvandoficfiiperet
2877 1808 3354 1920 piraticam,

455 1946 901 2030 comitatus
966 1942 1073 2056 est
1143 1941 1381 2027 Haeo
1396 2002 1421 2045 ,
1453 1938 1705 2050 filius
1767 1940 2122 2027 Comitis
2186 1933 2612 2046 Haralldi5
2690 1923 3039 2029 habuere
3100 1972 3357 2033 naves

455 2084 801 2193 qvinqve
818 2145 841 2186 ,
908 2084 1165 2171 remis
1205 2077 1761 2191 propellendas
1816 2099 2242 2185 omnesqve
2276 2097 2655 2187 magnas.
2793 2071 3194 2163 Haebudis
3231 2107 3362 2166 ar·

458 2243 599 2305 ma
665 2216 1019 2306 intulere
1034 2276 1058 2319 ,
1134 2237 1478 2324 qvarum
1532 2207 1815 2296 incolae
1879 2204 2266 2291 Sveinem
2339 2218 2537 2291 tunc
2586 2193 2801 2291 adeo
2845 2209 3355 2311 timuerunt,

468 2368 567 2443 ut
638 2348 1005 2467 singulas
1040 2340 1254 2454 ficas
1314 2368 1447 2430 res
1508 2338 1847 2427 mobiles
1921 2354 2159 2424 terra
2240 2353 2396 2424 aut
2463 2334 2862 2447 speluncis
2949 2337 3359 2451 absconde·

460 2504 672 2577 rent.
799 2482 1106 2568 Sveinn
1149 2476 1387 2592 usiJve
1438 2476 1553 2561 ad
1591 2473 1946 2558 Monam
2000 2470 2408 2575 devectus,
2463 2473 2741 2584 praeda
2790 2472 3059 2560 ditari
3087 2475 3362 2585 neqvi·

431 2630 597 2734 -vit
612 2654 648 2735 ‚-
718 2623 934 2709 Hinc
1000 2614 1355 2724 occasum
1434 2610 1715 2725 versus
1771 2617 1887 2701 ad
1937 2611 2431 2701 Hiberniam
2505 2617 3023 2729 navigarunt
3090 2613 3363 2721 ibiqve

462 2782 701 2848 arma
763 2747 1448 2841 circumtulerunt
1462 2808 1484 2848 ‚
1549 2770 1835 2830 verum
1883 2771 2068 2832 cum
2118 2746 2550 2832 meridiem
2608 2739 2888 2854 verfits
2920 2760 3162 2853 prope
3196 2740 3363 2826 Du·

466 2893 785 2979 blinum
842 2886 1102 2975 delati
1147 2881 1390 2990 efflent
1409 2940 1431 2980 ‚
1496 2905 1601 2962 ex
1675 2877 1848 2965 alto
1916 2884 2540 2995 adnavigarunt
2608 2880 2803 2968 cioli
2853 2879 3010 2966 duo
3068 2880 3214 2991 qvi
3256 2905 3362 2965 ex

465 3021 768 3134 Anglia
832 3031 1271 3117 venerant,
1335 3007 1794 3095 Dublinum
1853 3016 2279 3098 tendentes
2341 3011 2446 3102 ἔθ’
2496 3015 2803 3124 pannis
2840 3008 3211 3122 Anglicis
3237 3027 3362 3095 at·

466 3187 614 3282 qve
649 3154 1151 3259 multifariis
1209 3150 1450 3237 rebus·
1515 3145 1867 3232 utilibus
1902 3147 2163 3258 onusti
2176 3176 2208 3255 ‚·
2276 3150 2392 3233 ad
2414 3146 2559 3232 hos
2607 3146 2912 3232 Sveinn
2961 3173 3144 3234 cum
3163 3142 3365 3258 fitis

466 3319 723 3381 naves
783 3288 1137 3400 applicat
1179 3280 1282 3370 ἔθ’
1314 3298 1625 3368 nautas
1657 3281 1774 3366 ad
1785 3280 2173 3390 praelium
2218 3299 2624 3393 provocat
2635 3311 2670 3392 ,·
2739 3280 3101 3395 AngIOS,
3146 3286 3367 3398 qvipff

475 3457 568 3551 pe
633 3430 852 3521 nihil
900 3427 1073 3533 fere
1126 3419 1212 3530 fe
1278 3423 1505 3507 tueri
1544 3436 2036 3531 potuerunt,
2093 3421 2462 3536 fingulis
2535 3448 2713 3536 qvae
2785 3427 3141 3512 navibus
3202 3429 3367 3512 ine·

469 3595 660 3660 rant
743 3565 986 3651 rebus
1035 3557 1552 3668 spoliarunt,
1634 3575 1997 3667 excepto,
2071 3560 2287 3667 qvod
2353 3557 2602 3668 vestes
2676 3560 2769 3644 in
2842 3557 3367 3672 qvotidiano's

473 3711 665 3826 ufits
730 3704 832 3796 ἔθ’
897 3720 1438 3791 commeatum
1507 3698 2028 3812 aliqvantzzm
2106 3698 2564 3780 retinentes
2641 3695 2877 3781 ciolis
2938 3698 3366 3787 aveheren·
3433 3689 3439 3696 ’

471 3869 635 3938 tur.
766 3846 1173 3933 Caeterum
1239 3835 1545 3920 Sveinn
1608 3857 1792 3917 cum
1840 3828 2020 3940 suis
2083 3831 2172 3914 in
2237 3829 2667 3918 Haebrides
2716 3833 3093 3942 revestus·
3102 3835 3368 3946 spolia

474 3974 777 4082 ‘divisit-
969 3968 1102 4056 Ex
1164 3966 1477 4053 oriente
1541 3962 1858 4045 eximia
1919 3987 2107 4046 cum
2155 3980 2452 4072 pompa
2514 3968 3031 4078 navigarunt
3095 3962 3201 4053 ἔθ’
3274 3968 3368 4050 in

457 4111 598 4225 sui
610 4108 979 4225 gloriam
993 4167 1016 4208 ,
1049 4127 1232 4188 cum
1284 4100 1373 4182 in
1395 4109 1644 4203 portu
1687 4092 2064 4180 anchoris
2105 4097 2673 4183 detinerentur
2687 4160 2709 4200 ‚
2753 4100 3055 4207 pannis
3081 4098 3368 4210 Angli·

475 4251 587 4332 cis
631 4243 725 4356 se
776 4251 1211 4342 texerunt5
1283 4232 1397 4316 ad
1460 4221 1817 4310 Orcades
1882 4244 2167 4314 autem
2230 4234 2736 4346 navigantes
2791 4233 3002 4319 velis
3058 4251 3374 4344 pannos

480 4409 630 4473 acu
656 4374 1191 4492 praefixerunt
1210 4431 1232 4474 ‚
1261 4370 1391 4453 ita
1432 4374 1533 4446 ut
1582 4359 1862 4446 eadem
1900 4361 2257 4469 pretiosa
2305 4370 2624 4454 eminus
2654 4365 3372 4482 repraestntarent3

1847 4497 2047 4582 Eee
3162 4505 3393 4592 hanc·
