4100 5284
1037 397 1062 408 ‘
1159 387 1697 486 HISTORIA
1761 383 2626 482 ORCADENSIUM.
3160 419 3273 512 39
3290 419 3333 492 1

436 652 793 743 invicem
843 643 1102 755 mtffis
1161 649 1480 729 certare
1524 651 2030 748 potueruut.·
2130 632 2277 718 Th
2285 634 2721 722 orbifirnus
2767 638 2959 749 ficos
3004 645 3178 733 tela
3238 651 3332 736 in
3384 634 3465 703 A.
3488 636 3584 705 ¹³⁴

434 782 945 893 adverfizrios
1000 780 1528 863 remitterent
1553 768 2068 878 prohibebat.
2238 766 2839 879 Deficientibus
2862 803 3059 866 vero
3089 780 3332 891 mzffi-
3379 752 3418 821 ¹
3438 752 3480 822 ¹
3497 750 3545 843 5
3550 747 3615 836 9

435 920 654 1005 libus
691 913 1330 1025 coHoqvebantur
1344 969 1367 1011 ,
1430 898 2019 987 Thorbifirnus
2048 901 2456 987 Comitem
2485 902 2664 989 alta
2690 933 2882 992 ‘voce
2896 915 3335 1021 alloqveba·

433 1069 577 1137 tur
610 1053 764 1152 ita,
789 1047 1099 1161 rogabo
1136 1060 1227 1128 te
1249 1053 1598 1153 cognate
1635 1052 1736 1119 ut
1782 1061 1913 1119 me
1931 1029 2382 1140 securitate
2434 1039 2713 1141 dones,
2771 1038 3094 1152 causam
3143 1073 3341 1135 vero

415 1183 892 1296 praesentem
907 1197 1051 1264 tuo
1079 1174 1596 1263 committam
1640 1168 2020 1270 arbitrio,
2052 1184 2151 1250 ut
2160 1163 2386 1272 solus
2410 1169 2745 1273 judices,
2784 1174 3106 1263 nullam
3136 1205 3336 1286 rem,

431 1318 703 1428 qvoad
718 1307 1546 1424 pqffum,subtrahere
1583 1302 1791 1403 volo,
1822 1326 1983 1411 qva
1998 1299 2252 1410 vester
2290 1300 2545 1388 honor
2572 1325 3006 1420 augeatur.
3044 1310 3323 1422 ‘Spero
3433 1309 3437 1314 ’

428 1455 551 1537 eti
554 1476 693 1534 am
719 1465 809 1533 te
838 1443 1251 1533 recordari
1291 1441 1496 1525 lites
1524 1430 1908 1539 extitiffe‚
1952 1458 2136 1518 cum
2171 1437 2397 1519 inter
2430 1436 3041 1546 Riignvalldum
3081 1441 3175 1533 θ’
3206 1441 3349 1532 me'

428 1581 857 1689 discrimen
902 1596 1240 1666 tantum
1273 1572 1583 1680 feceris
1626 1596 1727 1654 ne
1759 1593 1890 1653 me
1926 1568 2116 1652 vita
2143 1570 2545 1676 privares,
2576 1580 2957 1681 qvamvis
2998 1577 3338 1685 facinus

428 1718 571 1804 hoc
630 1712 1154 1826 patraviffem
1168 1772 1190 1814 ,
1235 1724 1589 1815 tempore
1629 1730 1725 1789 eo
1754 1728 1905 1812 qvo
1952 1716 2039 1785 te
2082 1703 2550 1788 maximum
2589 1705 3005 1818 lupprfft
3042 1710 3145 1800 ἐφ’
3189 1730 3343 1798 tua

436 1877 594 1938 non
635 1851 915 1961 magis
975 1871 1228 1956 qvam
1268 1838 1592 1950 famuli
1623 1834 1949 1942 confilia
2008 1833 2286 1920 valere
2310 1847 2319 1854 '
2342 1830 2594 1947 stat,-
2660 1867 2807 1952 ego
2842 1846 3149 1953 optima
3176 1847 3346 1931 tihi

442 1988 655 2072 dona
681 1980 995 2080 obtuli,
1058 1977 1587 2082 honoremqve
1620 1972 1711 2056 in
1742 1969 2144 2068 omnibus,
2182 1993 2358 2076 qvae
2388 1959 2654 2074 licuit,
2689 1976 3020 2084 qvaesivi
3032 2007 3077 2080 ‚·
3116 2003 3343 2092 mag-

441 2143 639 2204 uum
691 2131 997 2217 autem,
1046 2111 1261 2221 qvod
1291 2108 1638 2216 patravi
1684 2102 1789 2211 est
1822 2100 2150 2205 facinus
2198 2097 2303 2188 θ’
2348 2102 2540 2210 ejus*
2587 2107 2988 2219 reussum
3002 2171 3024 2213 ‚
3073 2127 3350 2198 totum

434 2277 625 2338 vero
654 2272 999 2361 regnum
1029 2247 1117 2328 in
1154 2260 1391 2327 tuam
1423 2238 1779 2336 transiit
1800 2221 2306 2345 potestatem.
2431 2234 2742 2323 Sciatis
2772 2246 3036 2328 etiam
3074 2239 3347 2355 Rc'ign·

436 2380 800 2470 valldum
844 2379 985 2466 hoc
999 2440 1021 2482 ,
1084 2377 1297 2487 qvod
1330 2374 1526 2483 jam
1580 2374 1661 2454 ei
1708 2367 2055 2478 praestiti
2068 2428 2091 2471 ,
2153 2368 2387 2453 mihi.
2415 2357 2875 2483 destinaffi’5
2940 2376 3343 2491 praestzgit

439 2543 739 2629 qvoqve
779 2514 1002 2599 mihi
1060 2512 1386 2596 animus
1399 2567 1429 2611 ‚
1509 2505 1908 2614 cognatejl
1957 2503 2337 2612 qvamvis
2386 2506 2517 2590 ita
2569 2508 3008 2618 accidssh,
3054 2530 3154 2596 ut
3198 2515 3348 2626 ego

371 2669 394 2682 “
440 2666 818 2737 mortuus
847 2646 1077 2756 effem
1095 2706 1118 2749 ‚
1180 2666 1442 2727 comes
1469 2664 1662 2726 vero
1696 2631 2252 2745 Rfignvalldus
2276 2640 2603 2723 viveret
2617 2701 2641 2743 ,
2674 2643 2886 2751 qvod
2906 2670 3090 2729 eum
3126 2647 3321 2731 dede
3338 2663 3355 2704 ·‘

439 2810 619 2870 core
660 2779 948 2889 affec-er
956 2783 1083 2886 is‚·
1136 2801 1264 2863 me
1305 2799 1500 2859 vero
1545 2772 1804 2855 morti
1849 2770 2224 2855 addicere
2259 2773 2451 2879 vis-5
2515 2768 2660 2855 Th
2668 2772 3007 2860 orbifirn
3052 2777 3350 2863 multis

444 2920 542 3004 de
589 2917 719 3001 his
758 2915 1054 3001 orabat
1079 2911 1354 2999 verbis
1398 2906 1958 3008 moventibus,
2019 2906 2185 2992 haec
2228 2907 2488 2993 etiam
2543 2910 2796 2995 multi
2832 2937 3019 2997 cum
3058 2940 3148 2998 eo
3168 2930 3349 3022 pro·

444 3050 881 3138 movebant
930 3066 1217 3160 pacem
1278 3045 1359 3130 ei
1407 3038 1886 3153 sollicitati3
1952 3063 2042 3125 eo
2105 3063 2239 3123 res
2278 3043 2512 3124 venit
2573 3057 2696 3144 ut,
2759 3044 3055 3129 multis
3116 3046 3357 3133 Com·

445 3184 1023 3270 mendantibus
1087 3182 1372 3266 Comes
1447 3170 1970 3282 auscultaret.
2163 3172 2389 3260 Tunc
2454 3173 2547 3257 in
2606 3173 2825 3260 talia
2876 3183 3347 3290 prorumpit

442 3314 809 3425 Magnus
852 3310 1099 3422 filius
1140 3304 1505 3394 Havardi
1570 3302 1883 3390 Gunnii
1945 3300 2137 3412 filii,
2200 3304 2616 3392 Comitum
2678 3310 3035 3417 optimas
3095 3311 3349 3424 atqve

444 3464 892 3562 cognatus-5
975 3459 1159 3528 erat
1230 3457 1427 3530 tunc
1501 3439 1726 3525 inter
1790 3432 2361 3522 Haralldianos
2406 3437 3020 3550 >nobiliffimu55
3113 3447 3347 3551 Non,

443 3581 721 3691 inqvit
750 3639 772 3681 ,
857 3575 1258 3687 poffumus
1327 3574 1495 3658 tihi
1558 3572 1844 3658 Comes
1891 3569 2065 3680 post
2125 3597 2434 3683 magna
2498 3572 2661 3659 haec
2711 3572 3110 3683 facinora
3172 3607 3351 3667 con-

425 3713 637 3823 filia
702 3712 908 3795 dare
924 3771 946 3813 ,
1041 3711 1310 3794 dicam
1388 3706 1624 3792 vobis
1683 3703 2116 3816 vulgarem
2150 3765 2172 3805 ‚
2264 3731 2439 3818 qvae
2512 3709 2688 3793 erit
2720 3768 2742 3808 ‚
2801 3707 3145 3814 famam
3171 3776 3193 3815 ,
3262 3715 3355 3820 si

446 3842 997 3931 Thorbiorno
1052 3860 1228 3953 pax
1303 3840 1786 3926 concedatur
1806 3896 1829 3938 ‚
1927 3836 2164 3945 idqve
2238 3853 2638 3947 praeterea
2656 3871 2685 3941 ⁸,
2767 3846 2985 3950 qvod
3047 3848 3354 3934 audeat

446 3982 613 4067 tibi
687 3976 976 4091 palam
1023 3976 1282 4062 dicere
1300 4032 1326 4078 ‚
1359 3965 1465 4080 ste
1530 3968 1672 4056 hoc
1704 3965 1984 4185 scelug
2002 3971 2152 4182 din
2214 3973 2351 4056 tui
2422 3972 2807 4085 gratiam
2881 3992 3037 4062 aut
3112 3977 3353 4066 hono·

1831 4100 1913 4188 D
3171 4136 3352 4199 rem
