4100 5284
1046 372 1585 466 Hmoma
1672 341 2540 533 oRcADENSIUM
3132 376 3247 470 61

355 628 699 717 Comitis
738 623 982 709 Finni
1019 623 1292 709 Arnaei
1341 620 1633 731 filiam.
1786 621 2178 710 Florebat
2243 640 2430 708 tum
2492 619 2708 706 Kalfi
2764 626 3246 737 comitisqve
3295 633 3377 705 A.
3406 633 3494 698 D

355 759 786 846 Thorfinni
840 760 1250 846 amicitia
1378 757 1905 868 Sustentabat
1954 755 2291 870 suorum
2352 780 2751 873 magnum
2814 783 3246 845 numerum
3293 729 3528 833 104⁶

359 895 665 997 Comes,
737 896 961 1005 qvod
1030 893 1182 1003 ipsi
1253 887 1652 1001 impensas
1712 893 1965 976 auxit
2019 889 2248 975 haud
2303 892 2710 1004 exiguas·
2675 954 2703 999 ,
2789 891 3247 1001 Exstabant

344 1046 535 1114 tunc
589 1028 845 1114 multi
906 1029 1050 1137 qvi
1099 1029 1181 1111 ei
1209 1024 1680 1136 fivadebant
1745 1051 1848 1109 ne
1913 1020 2525 1133 Rfignvalldum
2603 1026 2803 1111 duos
2894 1029 3250 1111 trientes

348 1158 815 1273 infularum}
830 1162 1191 1246 retinere
1202 1160 1519 1268 fineret
1581 1185 1764 1242 cum
1807 1153 1966 1267 ipse
2031 1174 2327 1243 tantas
2366 1155 2767 1267 impenfirs
2785 1157 3076 1267 facere
3113 1187 3245 1247 ne·

349 1294 625 1404 ceffimi
686 1294 1048 1380 haberet.
1247 1292 1517 1401 Postea
1582 1288 2106 1376 Thorfinnus
2154 1310 2310 1401 per
2372 1290 2697 1404 legatos
2774 1296 2869 1378 in
2935 1291 3249 1404 insulas

340 1427 625 1537 miffar,
658 1431 1059 1513 trientem
1080 1489 1103 1529 ,
1164 1451 1406 1537 qvem
1446 1425 1893 1536 poffederat
1934 1422 2290 1509 Einarus
2321 1422 2809 1536 Rangmudr
2829 1429 2894 1512 d
2923 1428 2991 1515 C
2990 1431 3245 1514 omite

337 1559 857 1674 Rognvando
905 1559 1259 1671 exposcit
1276 1624 1298 1663 ,
1362 1563 1582 1672 qvod
1615 1562 2033 1645 auditum
2097 1559 2388 1646 Comes
2439 1561 2896 1646 amicorum
2953 1562 3242 1649 delibe-

337 1697 649 1785 rationi
683 1691 1137 1807 submittit
1153 1756 1177 1797 ‚
1239 1696 1817 1803 advocatisqve
1876 1692 2190 1807 legatis
2252 1691 2400 1776 Th
2410 1692 2875 1778 orfinnianis
2936 1695 3240 1808 respon·

339 1837 513 1936 det,
554 1828 653 1939 se
719 1831 897 1939 ejus
950 1829 1229 1940 partis
1287 1824 1741 1936 insularum
1802 1853 2050 1937 qvam
2098 1822 2517 1936 post-erent
2570 1826 3144 1937 praffedluram
3177 1835 3244 1917 d

335 1994 524 2079 rege
586 1965 690 2048 M
692 1990 733 2047 a
742 1989 915 2074 gno
974 1961 1344 2071 acceptffi
1360 2025 1382 2063 ‚
1446 1958 1854 2070 ipsumqve
1916 1984 2196 2074 regem
2242 1963 2580 2047 eandem
2629 1963 3240 2072 patrimonium

306 2096 562 2212 snum
622 2103 1060 2235 appellare·
1025 2158 1053 2205 ‚
1127 2098 1453 2205 iamqve
1517 2095 1607 2176 in
1670 2095 1900 2206 regis
1931 2094 2226 2205 Magni
2271 2093 2663 2205 potestate
2675 2094 2982 2204 stum,
3043 2115 3237 2184 uter

336 2236 653 2319 iHorum
716 2258 900 2318 eam
960 2229 1415 2337 insularum
1466 2243 1797 2336 partem
1857 2230 2299 2332 retineret,
2335 2224 2438 2338 fi’
2484 2255 2675 2317 vero
2728 2254 2887 2316 non
2934 2236 3236 2339 cedere,

328 2369 560 2481 modo
635 2391 788 2450 rex
835 2359 938 2474 st
1004 2364 1365 2448 retinere
1441 2365 1696 2447 vellet.
1856 2360 2105 2446 Talia
2169 2362 2438 2475 legati
2499 2363 2804 2471 reversi
2859 2363 3237 2476 referunt

328 2496 694 2615 responsa
710 2558 735 2601 ,
816 2497 1173 2584 Comitis
1263 2494 1689 2580 voluntati
1744 2494 1931 2604 sine
1993 2496 2362 2605 periculo
2426 2523 2938 2610 neqvaqvam
2988 2500 3236 2609 satis·

308 2628 518 2743 fieri
580 2632 1088 2737 adjicientes.
1217 2627 1544 2746 Qibus
1606 2654 1869 2713 comes
1928 2648 2433 2742 magnopere
2473 2634 2751 2718 iratus
2769 2696 2791 2736 ,
2859 2639 3237 2747 iniqvum
3347 2698 3354 2703 -

334 2765 480 2875 effe
536 2764 819 2875 afferit
882 2764 1094 2871 qvod
1135 2788 1289 2849 rex
1355 2762 1720 2870 Magnus
1805 2761 2388 2849 haereditatem
2469 2766 2579 2851 ab
2659 2767 2909 2878 ipsius
2939 2769 3233 2877 fratre

330 2896 699 2985 relietum
745 2899 1109 2985 retineat
1123 2958 1147 3000 ‚
1213 2897 1451 3010 idqve
1485 2912 1915 3005 eapropter
1953 2898 2236 3008 magis
2269 2898 2726 3005 conceffurn,
2790 2905 3010 3012 qvod
3032 2920 3233 2989 tunc

334 3038 426 3118 in
488 3058 784 3117 manus
853 3035 930 3116 ei
991 3031 1442 3123 inciderint
1465 3091 1527 3129 ,.
1590 3054 1839 3136 qvam
1902 3030 2117 3135 qvod
2182 3028 2383 3134 iulia
2463 3030 2652 3134 effi’t
2710 3031 3236 3119 haereditatis

330 3165 634 3274 divisio.
734 3162 743 3177 '
785 3166 1035 3251 Nunc
1057 3225 1081 3263 ,
1146 3163 1458 3272 inqvit,
1520 3156 1734 3243 mihi
1794 3158 2134 3245 videtur
2193 3156 2754 3268 Riignvalldus
2814 3189 2975 3249 non
3030 3166 3233 3252 bene

329 3300 779 3409 rependere,
820 3297 1054 3406 -qvod
1110 3318 1375 3409 regno·
1426 3294 1542 3377 acl
1595 3307 1918 3403 tempus
1980 3317 2168 3377 eum
2226 3294 2316 3378 in
2350 3309 2554 3403 pace
2613 3294 2798 3400 f'rui
2827 3346 2834 3353 ·
2859 3296 3233 3411 permiste·

327 3436 528 3537 rim,
570 3432 660 3540 fi
708 3430 1276 3516 haereditatem
1317 3425 1805 3532 fraternam
1867 3426 2172 3537 absqve
2229 3446 2510 3540 pugna
2571 3448 3042 3542 recuperare
3099 3462 3230 3521 ne·

330 3591 638 3679 qveam.
701 3562 1256 3657 Provocabant
1285 3559 1451 3643 haec
1463 3554 2032 3641 Thorfinnum
2062 3562 2257 3647 adeo
2278 3564 2394 3645 ad
2415 3564 2658 3666 iram,
2673 3582 2774 3649 ut
2790 3593 2948 3654 non
2963 3568 3226 3653 multo

310 3701 485 3812 post
545 3700 639 3783 in
699 3691 1110 3780 Haebudas
1172 3688 1276 3780 δ’
1342 3691 1700 3774 Scotiam
1780 3688 2100 3803 legatos
2157 3696 2541 3779 mitteret
2626 3700 3226 3808 exercitumqve

320 3831 873 3932 contraheret,
935 3824 1469 3935 manifistans
1493 3825 1713 3934 qvod
1736 3821 2346 3932 Rejgnvalldum
2376 3844 2697 3938 petere,
2763 3826 2863 3916 δ’
2889 3832 3040 3939 ipsi
3064 3856 3228 3916 non

312 3968 794 4077 parciturus
816 4023 841 4065 ,
900 3963 998 4045 id
1007 4022 1029 4064 ‚
1092 3959 1306 4069 qvod
1350 3984 1534 4042 cum
1562 3974 1860 4066 pacate
1904 3960 2348 4067 qvaerebat,
2423 3964 2869 4070 impetrare
2916 3990 3074 4050 non
3097 3984 3231 4076 po·

320 4101 532 4202 tuit,
575 4098 773 4206 jam
837 4088 1247 4203 exposcere
1312 4089 1722 4201 instituat.
1887 4091 2018 4177 De
2049 4091 2181 4175 his
2216 4095 2560 4178 interim
2615 4097 2921 4182 certior
2950 4098 3228 4211 Roga-

321 4230 634 4316 valldus
668 4230 975 4331 amicos
1026 4240 1443 4327 convocat,
1508 4224 1772 4332 iisqve
1808 4222 2220 4309 Comitem
2250 4222 2818 4313 Thorfinnum
2855 4237 3228 4325 exercitu

318 4357 776 4478 helloqvese
795 4360 1266 4472 petiturum
1292 4362 1661 4467 qveritur
1682 4416 1706 4458 ‚
1737 4351 1839 4442 ἔθ’
1870 4355 2106 4464 qvale
2134 4357 2240 4442 ab
2267 4359 2454 4469 ipsis
2478 4360 3223 4474 auxiliumsperare

293 4501 466 4614 fibi
510 4499 797 4589 liceret
810 4490 1325 4607 sciscitatur,
1348 4488 1444 4596 se
1458 4483 1632 4598 fita
1648 4549 1671 4592 ‚
1709 4489 2088 4575 omnibus
2130 4491 2590 4604 inexpertis
2624 4523 2813 4608 non,
2840 4498 3229 4608 efferum

1717 4619 1805 4706 H
1881 4639 1926 4730 3
2873 4630 3222 4744 afferens
