4100 5284
1133 330 1672 426 HISTORIA
1732 327 2605 429 ORCADENSIUM·
3321 364 3364 441 1
3380 354 3439 446 1'

297 582 485 671 lites
506 575 969 695 conscripsti*
981 642 1007 687 ,
1053 579 1454 668 ditionem
1481 575 1975 691 defensurus.
2054 583 2298 670 Facit
2331 586 2789 674 exercitum
2824 612 3086 676 comes
3096 585 3454 703 Brusius',

293 721 656 807 convenit
696 717 1146 822 discordes,
1211 709 1313 803 ἔθ’
1336 732 1618 824 pacem
1657 716 1883 800 inter
1914 712 2119 825 ipsos
2164 717 2589 825 conciliat,
2651 747 2750 807 ea
2786 723 3280 828 conditione,
3339 741 3448 813 ut.

289 849 801 939 Thon-finnus
831 854 1179 938 tertiam
1194 850 1601 940 orcadum
1619 865 1989 961 partem,
2019 876 2197 962 qvae
2220 851 2425 960 jure
2454 853 2676 940 illius
2704 871 2926 962 erat,
2984 857 3448 966 obtineret5·

286 985 520 1072 Brufii
621 1003 907 1073 autem
982 982 1089 1074 ἔθ’
1180 981 1511 1099 Sigurdi
1592 1001 1885 1097 partes
1959 988 2252 1070 unitas
2342 984 2594 1073 Einar
2679 1005 3060 1079 tueretur
3146 988 3253 1080 ἔθ’
3312 1018 3463 1079 ex·-

289 1139 503 1208 teros
523 1119 785 1234 hostes
831 1138 1149 1207 arceret
1158 1149 1193 1230 ;
1257 1122 1478 1231 qvod
1474 1119 1567 1228 st
1587 1117 1792 1229 fato
1821 1118 2045 1205 alter
2072 1118 2327 1205 alteri
2357 1122 2707 1227 cederet,
2742 1118 3148 1235 suberstes
3188 1151 3443 1241 regno

285 1259 703 1369 potiretur
714 1284 751 1366 ,⁶
816 1253 963 1342 hoc
991 1280 1187 1342 vero
1204 1246 1536 1366 pactum
1560 1256 1944 1365 iniqvum
1968 1251 2467 1364 censebatur,
2517 1254 2789 1343 Brufio
2816 1260 3041 1344 enim
3044 1254 3294 1370 filius
3316 1286 3457 1349 no-

138 1498 155 1509 ·
295 1393 513 1478 mine
546 1386 1161 1502 Rc'ignvalldus5
1227 1386 1480 1475 Einar
1526 1405 1810 1474 autem
1842 1386 2220 1499 improlis
2246 1404 2458 1477 erat.
2582 1386 3305 1503 Thorfinnussuis
3337 1396 3462 1482 di·

292 1528 652 1630 tionem,
715 1551 962 1637 qvam
1006 1526 1099 1611 in
1128 1510 1591 1612 orcadibus
1613 1520 1969 1609 habebat
1986 1584 2010 1625 ,
2073 1525 2468 1613 tuendam
2497 1526 3037 1613 demandavit
3052 1588 3077 1632 ,
3140 1525 3262 1640 ast
3289 1524 3456 1638 ipse,

282 1656 699 1772 saepiffime
747 1660 839 1745 in
869 1656 1322 1757 Katanesia
1363 1656 1687 1768 mansit.
1848 1653 2104 1740 Einar
2148 1654 2463 1766 aestates
2491 1657 2976 1767 Hiberniae,
3017 1658 3309 1748 Scotiae
3354 1658 3465 1753 ἔθ’

293 1792 719 1879 Britannia:
763 1819 1001 1879 arma
1045 1789 1470 1899 inferendo
1515 1793 1991 1904 transegit-5
2058 1794 2304 1880 Forte
2333 1790 2599 1902 testate
2633 1796 2991 1905 quadam
3008 1853 3030 1882 ‚
3086 1823 3270 1882 cum
3315 1792 3465 1881 Hi·

292 1921 671 2011 herniam
694 1924 1115 2036 infestaret
1142 1923 1252 2015 ἔθ’
1285 1927 1378 2011 in
1390 1920 1941 2009 Ulfireksfiord
1966 1950 2156 2009 wcum
2169 1922 2591 2010 Hiberniae
2620 1951 2810 2040 rege
2822 1924 3256 2040 Konoffigr
3289 1954 3465 2015 ma·

298 2085 491 2148 num
518 2060 1008 2169 consereret,
1069 2060 1332 2147 multo
1366 2056 1725 2166 inferior
1754 2119 1779 2161 ,
1811 2054 2173 2169 ficorum
2191 2056 2621 2166 jafluram
2636 2059 2912 2169 pffcs
2949 2062 3075 2170 est.
3175 2061 3462 2147 Proxi-

296 2218 428 2280 ma
462 2195 643 2308 post
681 2195 891 2280 hanc
937 2193 1209 2305 aestate
1247 2189 1680 2305 Eyvindus
1721 2186 2156 2278 Urarhorn
2199 2218 2307 2276 ex
2334 2186 2727 2277 Hibernia
2763 2195 2873 2295 ‚in
2932 2193 3025 2277 N
3028 2195 3465 2305 orvegiam

304 2332 866 2445 navigaturus
879 2391 904 2435 ,
964 2354 1149 2414 cum
1199 2321 1625 2439 procellosa
1686 2326 2114 2438 tempestas
2173 2327 2613 2433 incideret,
2672 2324 2992 2436 cursum
3034 2325 3306 2440 flexit
3368 2329 3468 2413 in

303 2459 1081 2573 Asmundarvagum
1124 2461 1401 2573 ibiqv'e
1442 2485 1742 2546 navem
1769 2466 1863 2546 in
1898 2458 2282 2553 anchoris
2307 2463 2621 2564 tenuit,
2684 2487 2840 2572 qvo
2879 2463 3170 2550 audito
3207 2488 3472 2549 comes

304 2598 577 2684 eodem
591 2658 616 2702 ,
662 2622 968 2710 magno
998 2620 1181 2681 cum
1206 2594 1580 2680 militum
1606 2619 1945 2680 numero
1972 2593 2333 2681 tetendit
2347 2656 2370 2698 ,
2400 2591 2884 2704 Eyvindum
2915 2612 3246 2706 captum
3274 2595 3475 2692 occi-

310 2732 469 2835 dit,
488 2729 905 2842 plurimos
931 2754 1129 2815 vero
1156 2727 1338 2838 ejus
1371 2730 1712 2817 comites
1756 2726 2199 2815 incolumes
2253 2727 2568 2836 dimisit
2577 2756 2614 2837 ,·
2681 2728 2801 2817 Hi
2829 2729 2918 2815 in
2943 2715 3472 2842 Norvegiau‘t
3594 2790 3604 2802 -

305 2859 685 2974 leqventi
725 2878 1124 2948 autumno
1165 2862 1695 2950 transierunt
1708 2923 1732 2967 ,
1789 2888 2069 2975 regem
2100 2858 2424 2948 Olaum·
2446 2877 3001 2948 convenerunt
3043 2864 3283 2974 e-iqve
3332 2885 3474 2948 cae·

309 2996 486 3080 dem
528 2998 1089 3104 nuntiarunt5
1154 2996 1377 3082 Idem
1422 2999 1519 3089 de
1562 3023 1661 3084 ea
1707 3013 1973 3105 pauca
1988 3056 2011 3097 ,
2077 3019 2327 3104 qvam
2367 3010 2651 3078 tamen
2696 3012 2850 3102 pro
2890 3020 3192 3106 magno
3223 2997 3473 3081 detri-

309 3147 584 3215 mento
600 3192 624 3233 ,
680 3146 1070 3239 perqvam
1117 3127 1496 3240 offensus,
1557 3130 1851 3208 habere
1894 3127 2355 3229 compertus·
2392 3124 2533 3229 est,
2581 3122 2950 3231 plurima
2992 3127 3269 3209 animo
3311 3125 3474 3228 suo

310 3264 737 3350 contraria
763 3281 1067 3347 tacens.
1193 3261 1488 3348 Comes
1519 3252 2042 3343 Thnrfinnus
2081 3249 2490 3339 Thorkeli
2515 3251 2824 3340 Fostrio
2857 3256 3483 3370 colligendorum

304 3393 642 3505 litorum
688 3393 1222 3509 vestigalium
1255 3418 1538 3479 curam
1574 3392 2135 3477 demandavit.
2264 3389 2553 3478 Comes
2582 3387 2928 3475 Einarus
2959 3387 3485 3478 Thorkelem

309 3530 393 3612 in
429 3528 788 3614 Orcades
839 3528 1135 3637 vetuste
1186 3524 1667 3612 Thorfinno
1708 3523 1951 3610 valde
1996 3525 2490 3633 imputavit,
2543 3527 2754 3610 unde
2782 3521 3185 3613 Thorkell
3223 3553 3330 3612 ex
3358 3524 3482 3611 in-

302 3656 503 3771 fidis
541 3664 631 3748 in
641 3665 1296 3773 promontorium
1356 3675 1682 3771 repente
1722 3658 2078 3743 transiit
2154 3653 2258 3746 ἔθ’
2303 3657 2712 3743 indicavit
2753 3660 3045 3745 comiti
3085 3656 3482 3744 Thorfin·

310 3816 416 3879 no
432 3860 456 3901 ,
516 3790 601 3902 sp
654 3812 969 3880 certum
1014 3796 1429 3880 redditum
1442 3855 1465 3896 ,
1525 3792 1910 3877 comttem
1957 3788 2348 3879 Einarem
2383 3792 2466 3876 ei
2491 3808 2843 3879 mortem
2889 3790 3361 3904 intentaffe,
3387 3793 3486 3883 ni

311 3930 650 4042 cog-nati
680 3924 785 4016 ἔθ’
822 3929 1074 4011 amici
1110 3928 1261 4038 ipfi
1286 3924 1794 4060 aperuiffent.
1923 3926 2209 4028 Nunc,
2268 3925 2627 4026 addidit,
2649 3922 2984 4030 studebo
2999 3987 3022 4030 ,
3061 3930 3488 4017 conamine

308 4062 882 4174 qvalicunqve,
925 4078 1024 4144 ut
1058 4061 1148 4145 in
1177 4077 1577 4145 conventu
1606 4086 1783 4146 meo
1820 4054 1932 4146 ἔθ’
1963 4060 2291 4143 comitis
2317 4085 2451 4143 res
2487 4054 2764 4164 nostrae
2793 4075 3272 4167 mutentur5
3299 4062 3497 4168 sors

314 4219 508 4280 vero
542 4195 709 4279 erit
741 4210 840 4278 ut
872 4192 1199 4307 longius
1230 4194 1561 4291 abeam,
1608 4217 1664 4277 a
1693 4190 2082 4301 potestate
2111 4192 2296 4301 ejus
2321 4189 2552 4274 liber.
2676 4189 3203 4281 Hortabatur
3225 4222 3497 4293 comes

325 4342 421 4409 ut
468 4329 556 4410 in
598 4326 1125 4437 Norvegiam
1184 4326 1617 4413 veheretur
1641 4320 2106 4428 .'‚Thorkell,
2167 4348 2444 4438 regem
2480 4320 2778 4409 Olaum
2818 4329 3328 4436 conveniret,
3392 4325 3500 4443 ἔθ’

334 4461 548 4568 apud
566 4486 749 4547 euru
765 4522 794 4569 ,
858 4477 1194 4551 amatus
1205 4524 1229 4569 ,
1261 4461 1734 4574 hyemaret5
1804 4458 2280 4574 Ubicunqve
2291 4521 2316 4577 ,
2362 4459 2543 4569 ait,
2577 4460 2934 4584 degeris,
2965 4460 3108 4559 vel
3123 4462 3498 4573 veneria,

1725 4590 1802 4683 Β
1867 4612 1920 4681 2
2424 4631 2431 4641 ·
3280 4592 3506 4711 apud
