4100 5284
1162 377 1705 473 Hmoma
1765 375 2646 470 ORCADENSIUM
3187 396 3417 514 155

824 630 1075 718 Nunc
1137 631 1271 716 ita
1335 628 1441 742 est
1451 659 1485 739 ,·
1552 655 1658 716 ex
1719 628 1896 716 alto
1956 627 2222 714 maris

823 785 1260 872 admodum
1324 782 1507 872 laeti
1545 779 1930 892 facimus

831 962 1134 1024 navem
1188 954 1337 1047 per
1392 932 1723 1047 fluetus

732 1096 743 1105 ’
839 1088 1140 1201 Bergas
1200 1106 1533 1201 repente
1590 1084 1924 1193 deferri.

438 1308 650 1397 Cum
711 1329 995 1399 autem
1048 1317 1141 1399 in
1192 1311 1567 1424 oppidum
1609 1311 2031 1417 venirent,
2096 1312 2395 1427 ingens
2427 1306 2533 1401 ἔθ’
2579 1316 2678 1400 de
2711 1313 3027 1404 boreali
3073 1309 3179 1403 ἔθ’
3223 1327 3392 1403 au·'

429 1443 671 1554 strali
723 1450 1087 1563 regionis
1118 1448 1379 1563 plaga
1395 1508 1419 1552 ,
1481 1472 1624 1533 nec
1653 1473 1815 1533 non
1828 1462 2338 1570 exterranea
2352 1507 2376 1550 ‚
2416 1475 2594 1560 qvae
2630 1449 2956 1538 lautam
2984 1451 3101 1537 ad
3128 1476 3365 1538 vexe-

438 1596 586 1667 rat
646 1607 1093 1686 annonam,
1175 1584 1452 1670 eodem
1492 1581 1948 1669 multitudo
1990 1579 2472 1693 confluerat.
2601 1586 2920 1673 Nautae
2935 1573 3119 1697 joci
3170 1611 3366 1702 ergo

443 1732 851 1826 cauponas
892 1718 1222 1804 adeunt.
1413 1713 1723 1819 Kaliu9‚
1785 1732 2042 1825 nuper
2079 1743 2192 1800 ex
2221 1713 2529 1827 Anglia
2559 1721 2826 1805 redux
2844 1782 2867 1824 ,
2900 1716 3372 1832 splendidis

444 1849 882 1935 admodum
914 1851 1262 1961 vestibus
1283 1846 1474 1962 usus
1514 1849 1656 1962 est,
1688 1866 2078 1960 pompam
2117 1848 2552 1958 affi’blavit
2566 1913 2592 1955 ‚
2642 1850 2887 1960 &stu
2939 1878 3123 1938 cum
3169 1849 3373 1935 mul-

442 1982 569 2066 tis
603 1981 806 2068 aliis
819 2046 844 2088 ‚
904 1984 1254 2091 extulit,
1314 2011 1423 2071 ex
1452 1984 1686 2071 clara
1714 1985 1943 2069 enim
1989 2001 2183 2071 erat
2207 1983 2570 2096 familia
2589 2048 2612 2090 ,
2676 1986 2994 2099 ipseqve
3035 1984 3375 2072 artibus

444 2117 692 2226 probe
723 2118 1178 2230 instruam.
1365 2121 1468 2206 In
1502 2136 1868 2229 caupona
1916 2135 2209 2206 autem
2241 2121 2394 2205 ubi
2416 2111 2803 2232 potabat,
2866 2119 3008 2218 vir
3033 2119 3375 2230 qvidam

453 2254 777 2338 nomine
802 2253 1066 2365 Jonas
1132 2253 1345 2339 Petri
1359 2252 1615 2366 filius
1662 2249 2067 2338 Serksonii
2105 2255 2203 2340 de
2239 2252 2549 2365 Sognia
2576 2254 2835 2371 Regis
2839 2250 3380 2367 fi’rdatarius

450 2403 663 2488 erat,
678 2391 946 2475 matri
952 2388 1154 2497 ‘ejus
1182 2414 1472 2475 nomen
1483 2386 1681 2497 suit
1696 2384 1970 2499 Helga
1994 2387 2298 2473 Hareci
2328 2416 2440 2477 ex
2452 2389 2727 2474 Satira.
2791 2387 3057 2502 Jonas
3071 2406 3387 2503 pompae

452 2524 895 2608 admodum
939 2525 1267 2609 deditus
1319 2539 1528 2608 erat.
1659 2519 1964 2607 Unnur
1993 2551 2288 2612 nomen
2328 2541 2522 2611 erat
2545 2525 2820 2611 matri
2824 2521 3236 2636 familias
3247 2550 3386 2611 no-

3421 624 3505 698 A.
3528 628 3620 698 D.

453 2657 617 2743 hili
634 2719 657 2761 ,
719 2682 894 2769 qvae
945 2657 1493 2762 domicilium,
1558 2660 1656 2743 in
1700 2685 1856 2770 qvo
1915 2660 2332 2769 potabant
2349 2723 2374 2764 ‚
2441 2656 2917 2771 poffi'debat.
3046 2659 3386 2746 Coaluit
3433 2757 3443 2771 ·

456 2806 645 2876 tum
690 2794 916 2879 inter
947 2791 1016 2876 K
1022 2788 1264 2874 alium
1304 2790 1409 2880 &³
1435 2791 1499 2903 J
1505 2818 1751 2877 onam
1790 2790 2130 2901 socialis
2157 2795 2557 2880 amicitia
2572 2856 2596 2895 ‚
2653 2819 2818 2905 qva
2833 2790 3015 2899 [non
3036 2789 3387 2895 violata,

462 2926 572 3012 ab
620 2927 973 3011 invicem
1039 2923 1481 3036 disceffi’re,
1559 2926 1622 3037 J
1625 2951 1786 3010 ona
1840 2928 2172 3012 domum
2222 2928 2344 3010 ad
2384 2928 2704 3037 praedia
2746 2921 2907 3033 sita
2957 2926 3386 3026 redeunte,

462 3047 694 3144 Kalio
735 3077 1016 3145 autem
1050 3063 1456 3145 orientem
1500 3054 1788 3166 versus
1833 3052 2101 3164 Agdis
2133 3074 2474 3165 patrem
2500 3060 3049 3143 conveniente.
3115 3053 3389 3140 Kalius

464 3200 729 3280 etiam
790 3196 1013 3304 apud
1053 3209 1498 3307 cognatum
1537 3188 1781 3303 suum
1832 3184 2062 3272 Solm
2070 3185 2390 3273 undum
2435 3183 2948 3278 morabatur.
3078 3192 3391 3277 Proces-

456 3330 577 3441 fit
598 3332 728 3414 ita
765 3354 1023 3413 annos
1069 3329 1394 3439 aliqvot
1431 3344 1535 3412 ut
1570 3322 1840 3411 Kalius
1881 3325 2153 3435 aestivo
2196 3343 2564 3437 tempore
2613 3342 3107 3412 mercaturae
3154 3350 3393 3411 vaca·

464 3480 646 3571 ret,
704 3461 1060 3573 hyemali
1102 3479 1387 3547 autem
1418 3462 1649 3548 domi
1688 3461 1832 3550 vel
1865 3465 2093 3573 apud
2113 3455 2673 3546 Scilmundum
2713 3475 3204 3548 remaneret.

858 3655 1343 3880 Kafius
1430 3756 1969 3876 antrum
2057 3740 2477 3877 Dollii
2558 3691 3013 3875 invifit.

470 3955 1069 4180 Kaliusforte
1100 4055 1383 4199 aliqva
1434 4072 1706 4186 aestate
1737 4062 2234 4160 occidentem
2265 4064 2547 4179 versus
2568 4070 2663 4153 in
2675 4061 3203 4152 Thrandiam
3229 4086 3404 4172 pro-

471 4200 1045 4313 sellusfuerat
1060 4237 1092 4317 ,-
1160 4208 1252 4292 in
1276 4201 1545 4314 itfitla
1572 4233 1749 4318 qvae
1776 4203 2047 4310 Dous,
2106 4205 2238 4290 ibi
2260 4219 2549 4288 autem
2562 4218 2906 4289 antrum
2931 4198 3402 4290 Dollianum

482 4339 733 4428 audit
748 4399 775 4447 ‚
832 4338 985 4424 ubi
1014 4337 1402 4453 vulgaris
1426 4334 1612 4449 spes
1659 4357 1851 4428 erat
1908 4340 2453 4450 pecuniarum
2467 4400 2496 4444 ‚
2554 4335 2898 4447 adversa
2939 4337 3409 4448 tempestate

1946 4466 2032 4559 U
2095 4488 2149 4556 2
3162 4472 3405 4579 impe·
