4100 5284
1124 336 1716 454 HmofflA,
1767 334 2636 427 ORCADENSJUM
3118 353 3287 448 175

361 585 540 674 Rex
568 583 938 699 Magnus
990 587 1081 674 in
1123 611 1331 674 nave
1345 580 1519 698 sua
1569 601 1856 697 captus
1885 580 1998 674 ἔθ’
2024 582 2259 694 laefhs
2300 584 2444 696 est,
2505 584 2687 671 Rex
2724 611 2919 672 vero
2976 581 3285 669 Harall·
3331 590 3409 655 A.
3447 589 3532 663 D.

363 716 515 804 dus
553 739 831 809 totum
876 746 1229 837 regnum
1283 722 1710 832 occupavit
1726 782 1751 823 ,
1812 715 2278 830 inseqvente
2320 733 2601 805 autem
2629 744 2821 806 vere
2864 719 2958 806 in
3005 703 3420 830 Roga-11
3445 707 3489 797 3
3509 707 3554 798 5

348 850 706 942 validum
750 858 960 943 dono
1001 861 1380 943 collatam
1418 851 1840 942 orcadum
1875 846 2459 1036 praefhiiuram
2519 878 2705 939 cum
2753 850 3109 940 Comitis
3164 857 3277 939 ti·

349 988 522 1077 tulo
580 985 1134 1100 confirmavit.

1079 1274 1302 1407 De
1410 1270 2015 1410 Confiliis
2111 1267 2523 1470 Kolii.

341 1485 687 1698 Κοῖος
731 1599 1147 1708 consilium
1191 1603 1409 1713 cepit
1425 1664 1449 1707 ‚
1488 1618 1586 1687 ut
1627 1599 1886 1711 miffi's
1926 1603 2019 1686 in
2069 1596 2428 1686 Oreades
2462 1600 2807 1715 legatis,
2856 1598 3263 1690 Comitem
3330 1707 3334 1711 ι

345 1729 685 1817 Paulum
737 1729 1092 1844 posceret
1148 1753 1247 1820 ut
1289 1737 1686 1821 dimidias
1733 1731 2086 1845 insulas,
2151 1761 2353 1845 qvas
2400 1715 2915 1844 R6gnvalldo
2968 1732 3262 1842 conceſs

317 1863 560 1979 serat
572 1865 754 1952 Rex
778 1863 1214 1951 Haralldus
1248 1871 1575 1954 dederet
1592 1929 1615 1969 ,
1677 1863 1780 1956 ἔθ’
1807 1896 1898 1954 eo
1932 1870 2162 1953 mode
2194 1869 2581 1952 mnia-itia
2599 1929 2623 1973 ,
2690 1892 2875 1954 cum
2918 1868 3254 1979 integra

341 1995 1067 2113 confitngvinitate
1122 2006 1354 2088 inter
1405 2027 1541 2088 eos
1595 2001 2011 2113 inciperet.
2140 1998 2240 2085 Si
2292 2016 2575 2085 autem
2630 2000 2919 2087 Comes
2966 1996 3260 2083 Paulus

343 2132 839 2221 detreaeflaret
853 2196 877 2239 ‚
949 2152 1328 2245 peterent
1372 2136 1629 2222 iidem
1689 2133 1960 2249 legati
2008 2129 2563 2217 Fraukarkam
2628 2129 2735 2222 ἔθ’
2794 2127 3256 2218 Aulverem

338 2264 662 2352 Rostam
692 2330 715 2371 ,
773 2295 873 2355 ac
906 2270 1351 2355 dimidium
1391 2296 1576 2355 cum
1621 2268 1946 2358 Comite
1979 2262 2498 2377 Rfignvalldo
2543 2266 3039 2382 insularum,
3093 2275 3252 2354 mo·'

330 2401 431 2486 do
463 2427 519 2485 a
548 2397 793 2486 Paulo
816 2404 1087 2489 arenis
1122 2410 1458 2518 exigere
1498 2408 1792 2488 vedent
1806 2464 1832 2505 ,
1894 2398 2261 2509 offerent.
2393 2401 2603 2491 Cum
2635 2397 2923 2487 autem
2973 2402 3066 2487 in
3096 2400 3259 2487 Or·'

330 2531 571 2616 cades
607 2534 870 2622 delati
911 2537 1295 2623 comitem
1354 2533 1695 2621 Paulum
1742 2536 2270 2658 convenirent
2283 2598 2307 2641 ,
2339 2533 2754 2646 ficumqve
2815 2533 3245 2650 negotium

325 2665 841 2777 proferrent,
916 2668 1332 2780 respondet
1378 2668 1570 2779 ille5
1635 2666 2022 2782 intelligo
2040 2730 2065 2772 ‚
2130 2670 2263 2753 ait
2280 2731 2302 2773 ‚
2355 2665 2850 2781 postulatum
2920 2666 3243 2777 consilio

325 2801 879 2911 diuturnaqve
905 2801 1209 2914 astutia
1229 2801 1699 2912 institutum
1717 2800 1904 2911 φὶς
1969 2826 2415 2887 convenere
2452 2803 2547 2887 de
2580 2800 2722 2887 hoc
2748 2793 2988 2913 reges
3000 2799 3224 2884 Nor-

322 2933 588 3042 vegiae
614 2949 713 3017 ut
753 2960 1004 3048 regno
1052 2962 1185 3021 me
1205 2936 1690 3045 privarent‚·
1759 2960 1970 3017 nunc
2004 2931 2241 3040 iliam
2268 2932 2781 3040 fidelitatem
2821 2935 2953 3018 ita
2993 2935 3232 3018 retri·

315 3063 566 3151 buere
593 3064 810 3172 nolo,
869 3084 972 3153 ut
1002 3089 1350 3183 regnum
1380 3065 1538 3151 ulli
1554 3127 1576 3167 ‚
1641 3065 1786 3175 qvi
1815 3090 1976 3150 non
1995 3064 2330 3173 potiori,
2364 3090 2612 3175 qvam
2642 3061 3227 3173 R6gnvalldu8,

307 3192 632 3311 gaudet
637 3199 842 3307 jure
861 3262 885 3305 ‚
942 3201 1222 3289 cedam
1241 3264 1264 3305 ,
1312 3228 1418 3287 ex
1443 3197 1730 3306 fratre
1781 3214 2066 3282 autem
2113 3195 2252 3282 vel
2260 3196 2540 3302 sorore
2585 3213 2954 3309 nepotem
3013 3225 3231 3286 arce·

308 3344 513 3441 oms
560 3358 725 3417 non
743 3333 986 3448 longo
1013 3336 1110 3421 de
1136 3333 1654 3443 hisfiermone
1687 3348 1884 3445 opus
1915 3327 2060 3441 est,
2123 3313 2486 3416 Orcade's
2523 3334 2753 3418 enim
2778 3331 3231 3420 amicorum

315 3459 425 3549 ἔθ’
477 3482 1017 3577 cognatorum
1061 3467 1417 3569 auxilio,
1492 3468 1735 3550 donec
1785 3465 2018 3550 Deus
2060 3466 2332 3551 vitam
2380 3464 2593 3549 mihi
2634 3470 3001 3555 concedit
3018 3529 3040 3571 ‚
3102 3470 3229 3553 de·

297 3593 660 3704 sendum
675 3658 700 3700 ‚
774 3598 963 3684 hinc
1008 3597 1280 3715 legati⁴
1326 3601 1649 3714 negotii
1703 3597 2029 3681 exitum
2091 3600 2635 3705 praevidentes
2661 3660 2685 3700 ,
2771 3595 3231 3708 disi-edunt,

313 3723 424 3814 ἔθ’
464 3726 827 3837 austrum
889 3727 1168 3843 verfiaes
1199 3736 1289 3816 in
1323 3732 1594 3842 finum
1635 3723 2192 3814 Petlandicum
2240 3731 2353 3814 ad
2384 3727 2862 3813 Katanesum
2907 3731 3224 3816 deveni·
3340 3737 3343 3740 ‘

306 3875 507 3963 unt,
570 3863 760 3949 inde
789 3866 880 3948 in
903 3865 1249 3976 australi
1287 3867 1615 3978 regione
1656 3859 2161 3946 Frakarkam
2207 3863 2699 3948 conveniunt
2746 3858 2853 3948 ἔθ’
2894 3860 3048 3971 ipsi
3091 3889 3221 3949 ne·

300 3993 551 4103 gotia
594 4012 1047 4104 exponunt,
1107 3995 1405 4084 Kolum
1444 4013 1719 4106 nempe
1750 3992 1853 4083 ἔθ’
1891 3995 2300 4084 Comitem
2342 3988 2953 4105 R6gnvalldum
2979 3996 3220 4083 dimi·

307 4124 544 4208 diam
602 4126 1009 4217 ditionem
1033 4192 1056 4236 ,
1137 4133 1374 4218 modo
1430 4156 1484 4215 a
1539 4125 1785 4215 Paulo
1841 4129 2271 4215 vindicare
2333 4125 2642 4238 vellent
2663 4188 2688 4231 ,
2769 4128 2885 4212 iis
2946 4129 3214 4238 offere.

231 4339 244 4352 ‚
309 4251 475 4337 His
518 4254 936 4368 respondet
974 4261 1421 4367 Frakarka‚
1485 4269 1791 4350 ‘verum‘
1813 4260 1920 4370 est
1960 4261 2177 4370 qvod
2214 4255 2464 4344 Kolus
2505 4263 2649 4346 vir
2653 4259 2780 4371 fit
2822 4243 3219 4374 valdesass

297 4385 576 4495 piens,
625 4395 1088 4502 prudenter
1126 4425 1431 4511 qvoqve
1468 4390 1906 4508 praevisum
1939 4394 2082 4503 ‘hic
2118 4394 2537 4481 auxilium
2588 4422 2983 4506 qvaerere‚
3041 4425 3219 4511 cog·

2826 4546 3215 4620 natorum
