4100 5284
1032 481 1040 496 κ
1164 380 1705 472 HISTORIA
1765 331 2640 471 ‘oRcAoENSIUM
3151 381 3262 474 16
3276 402 3323 493 ς

408 651 565 715 non
616 622 1136 733 referendum
1196 630 1431 736 prius
1489 654 1739 746 qvam
1785 629 1957 716 diei
2007 627 2439 735 cujusdam
2495 622 2812 739 vespere
2853 626 2968 711 ad
3000 622 3318 710 Unium
3383 634 3459 703 A.
3487 636 3576 704 D.

410 761 909 871 perveniret,
966 762 1389 870 proprium
1430 759 1585 856 abi
1625 788 1915 848 nomen
1946 787 2108 847 non
2141 762 2517 846 mdicans
2528 789 2565 869 ,·
2631 759 2762 845 hie
2787 755 2892 846 Εἴ
2923 755 3188 842 Unius
3222 761 3320 845 de

322 877 329 886 ’
415 883 652 977 rebus
678 894 917 979 novis
930 879 1459 1003 pervulgatis
1489 894 1844 980 invicem
1872 897 2427 1006 interrogant.
2560 889 2880 1004 Vesperi
2907 890 3321 998 cumsocis

411 1022 839 1134 affiderent
860 1087 883 1127 ,
946 1021 1214 1135 hospes
1240 1028 1337 1110 de
1367 1027 1586 1111 viris
1612 1027 2024 1134 nobilibus
2070 1030 2161 1110 in
2196 1025 2506 1136 Sognia
2551 1022 2654 1114 ἔθ’
2684 1021 3003 1110 H6rdia
3023 1021 3321 1135 sollici·

408 1173 580 1260 tat,
646 1160 778 1244 cui
809 1155 1076 1240 Unius
1096 1156 1157 1266 J
1160 1183 1404 1241 onam
1433 1176 1582 1268 pro
1618 1157 2045 1269 dittffi'nm,
2102 1156 2545 1269 &propter
2567 1160 2905 1272 generis
2932 1158 3319 1244 nobilita·

409 1305 576 1373 tem
610 1286 717 1379 θ’
761 1290 1167 1395 injuriam
1180 1352 1202 1393 ,
1244 1291 1550 1378 ibidem
1575 1292 1863 1392 haberi
1902 1294 2220 1404 regerit
2233 1353 2257 1393 ‚
2293 1294 2824 1407 interrogans
2880 1317 3142 1378 nonne
3182 1316 3322 1375 au·

383 1422 653 1533 strum
668 1419 961 1531 (versus
982 1426 1072 1507 in
1105 1427 1435 1539 regione
1452 1428 1548 1509 id
1581 1427 2179 1540 qvadamtenus
2202 1428 2522 1533 experti
2545 1426 2843 1535 efflent?
2909 1424 3118 1541 Qae
3136 1449 3321 1511 cum

404 1556 747 1641 adderet
762 1617 785 1657 ‚
848 1558 1169 1652 advena
1210 1560 1562 1644 obticuit
1580 1619 1602 1660 ,
1664 1559 1875 1643 unde
1901 1555 2310 1667 aassantes
2340 1584 2395 1641 a
2414 1556 2607 1676 foco
2640 1560 3153 1660 recedebant,
3188 1558 3319 1641 ita

402 1704 504 1770 ut
540 1690 695 1773 duo
704 1684 973 1797 solum
1008 1708 1562 1795 remanerent,
1624 1709 1808 1775 tum
1840 1687 2107 1775 Unius
2133 1692 2225 1774 in
2253 1688 2471 1775 talia
2489 1694 2875 1799 prorupit
2889 1721 2922 1799 ,-
2988 1689 3156 1793 An,
3197 1683 3316 1774 ἰη-

411 1822 625 1928 qvit,
686 1818 1178 1926 Hallvardus
1204 1825 1522 1933 pridem
1552 1825 2136 1934 appellabaris?
2168 1825 2362 1910 Non
2384 1885 2406 1927 ,
2436 1824 2567 1907 ait
2607 1819 2910 1931 hospes,
2978 1820 3315 1905 Saxium

410 1950 713 2064 vesperi
757 1983 888 2041 me
912 1958 1449 2066 appellabam5
1515 1958 1831 2068 regerit
1870 1953 2134 2037 Unius
2154 2017 2176 2058 ,
2192 1957 2612 2064 praeteriit
2658 1954 2933 2064 igitur
2962 1979 3146 2038 mea
3161 1977 3318 2060 ,cu-

330 2181 335 2186 ,
412 2110 545 2191 ra,
600 2104 980 2197 putarem
998 2149 1021 2192 ,
1064 2089 1152 2198 si
1182 2089 1395 2174 mihi
1425 2115 1714 2175 nomen
1745 2084 2144 2196 Brinjulfi‚
2177 2089 2343 2174 tibi
2372 2081 2792 2171 Hallvardi
2811 2084 3032 2189 f'ore,
3095 2100 3317 2169 atta·

413 2244 597 2305 men
647 2245 861 2307 nunc
925 2224 1375 2309 dormitum
1428 2221 1785 2332 ibimus,·
1850 2220 2039 2308 Adv
2047 2246 2202 2306 ena
2248 2224 2476 2306 illum
2532 2221 2901 2307 retinens
2960 2214 3319 2325 affatur,

410 2378 569 2439 non
583 2415 608 2457 ,
668 2356 841 2462 ait,
905 2353 1163 2441 adhuc
1192 2356 1501 2442 ibimus
1516 2418 1537 2459 ,
1570 2356 1890 2441 tradito
1911 2356 2198 2467 statim
2228 2350 2684 2463 marsupi05
2748 2347 3000 2435 Kolus
3028 2374 3315 2463 argen-

408 2500 593 2570 tum
630 2487 875 2596 istud,
936 2516 1120 2574 cum
1128 2487 1418 2598 salute
1418 2487 1626 2600 sua,
1690 2490 1858 2573 tibi
1885 2515 2072 2574 eum
2103 2490 2195 2572 in
2200 2483 2470 2596 finem
2503 2485 2727 2593 mistt
2760 2501 2860 2570 ut
2905 2501 3034 2570 me
3063 2484 3317 2593 juva-

408 2644 547 2704 res
575 2616 1089 2730 insumenda
1137 2649 1191 2708 a
1224 2618 1617 2730 Brinjulfo
1635 2639 1789 2732 pro
1839 2605 2045 2706 caede
2069 2619 2398 2727 fratris
2431 2621 2597 2705 mei
2638 2614 3057 2726 υἱηάὶέῖας
3110 2619 3314 2702 inte-

400 2778 652 2866 grum
669 2753 931 2863 stnml
940 2810 949 2814 -
970 2754 1148 2840 Koli
1184 2756 1600 2865 confilium
1650 2755 2017 2865 exponit.
2181 2750 2622 2863 Respondet
2672 2749 2988 2859 Unius,·
3058 2743 3309 2831 Kolus

380 2884 597 2992 sane
622 2888 924 2974 bonum
958 2915 1014 2974 a
1045 2916 1176 2975 me
1197 2890 1657 3000 promeruit
1671 2951 1694 2992 ,
1726 2883 1958 2998 fiire
1987 2904 2271 2990 autem
2295 2912 2601 2995 neqveo
2630 2879 3006 2994 qvorsum
3048 2881 3310 2967 vindi·

413 3016 548 3104 θα
590 3039 879 3107 contra
937 3019 1424 3132 Brinjulfum
1469 3018 1846 3127 succedat
1864 3082 1885 3123 ,
1950 3046 2137 3104 cras
2184 3035 2467 3104 autem
2487 3079 2509 3119 ,
2564 3013 2813 3125 vestes
2853 3014 3313 3099 concubinae

407 3151 881 3259 ablaturus,
939 3155 1093 3242 huc
1092 3154 1511 3267 speratur.
1645 3153 1816 3261 Post
1845 3152 2007 3236 haec
2034 3149 2303 3233 Unius
2324 3149 2631 3234 eumin
2664 3144 2927 3256 eqvile
2965 3162 3165 3229 ante
3178 3142 3312 3252 fo-

403 3310 540 3369 res
557 3287 808 3399 litum
841 3290 1153 3392 educit,
1201 3288 1306 3379 ἔθ’
1335 3294 1427 3375 in
1432 3284 1758 3400 stabulo
1780 3345 1801 3387 ,
1852 3287 2096 3396 prius
2129 3308 2376 3395 qvam
2418 3277 2823 3392 domestici
2826 3274 3307 3393 surgerent,

408 3413 857 3530 abscondit,
920 3423 1153 3508 intus
1181 3441 1461 3509 autem
1479 3441 1630 3532 per
1657 3417 1970 3506 noc‘lem
1994 3418 2553 3504 recubaverat.
2650 3409 2936 3498 Hallva
2947 3409 3140 3496 rdus
3163 3409 3310 3494 ubi

398 3550 804 3662 paulisper
831 3556 922 3639 in
959 3557 1215 3666 eqvili
1240 3556 1692 3643 delituerat
1706 3614 1729 3655 ,
1793 3553 2026 3635 videt
2065 3553 2346 3635 virum
2374 3565 2762 3661 vegetum
2806 3542 2910 3631 ΕΤ
2931 3608 2952 3647 ,
3016 3560 3117 3628 ut
3148 3540 3305 3650 fae-

405 3685 642 3796 mina
662 3682 753 3791 fi·
767 3702 1154 3797 pararet,
1208 3686 1800 3798 vociferantem
1816 3744 1839 3786 ,
1904 3684 1995 3765 in
2015 3684 2419 3791 praedium
2447 3679 2761 3788 vemffi’.
2891 3674 3153 3782 Effert
3181 3701 3310 3784 ve·

395 3779 969 3929 ftesaffumtas
996 3820 1351 3930 foemina
1383 3826 1594 3908 unde
1619 3812 2113 3907 Hallvardus
2149 3816 2494 3926 quinam
2531 3811 2721 3923 efflet
2749 3812 3068 3896 advena
3088 3805 3311 3918 stire
3424 3815 3436 3830 “

400 3950 773 4055 videtur,
794 3951 1233 4065 statimqve
1262 3953 1709 4070 egreditur.
1774 3940 2214 4057 Brinjulfus
2233 4010 2255 4049 ,
2299 3971 2492 4031 cum.
2510 3937 3132 4057 vestesfoeminae
3162 3941 3310 4030 col-

400 4081 753 4196 ligaret,
818 4112 1063 4173 arma
1096 4085 1609 4199 deposuerat,
1675 4087 1809 4173 cui
1859 4109 2106 4196 qvam
2148 4081 2313 4164 cito
2359 4079 2884 4182 conveniunt,
2939 4075 3309 4186 mortife-

374 4240 590 4318 ,rum
649 4217 958 4304 vulnus
1023 4219 1196 4306 istu
1259 4207 1586 4334 infligit
1646 4213 2175 4316 HallvardUS,
2223 4238 2377 4326 qvo
2389 4211 2665 4321 fac‘i‘o,
2710 4210 3152 4312 latiturus,
3213 4211 3310 4294 in

401 4348 666 4460 eqvtle
729 4354 1239 4464 revertitur;
1347 4355 1543 4441 dum
1603 4355 1853 4441 caedes
1912 4360 1919 4369 ‘
1920 4364 2275 4461 patrata
2348 4361 2574 4454 erat,
2631 4343 2988 4455 famina
3052 4343 3310 4431 dome-

1803 4479 1891 4571 X
1964 4501 2010 4592 3
2419 4579 2426 4586 ,
2941 4585 2946 4592 ἢ
3001 4585 3006 4592 .
3057 4476 3307 4590 sticos
