4100 5284
1142 325 1676 419 HISTORIA
1777 331 2642 426 oRcADENSIUM
3151 328 3333 440 253'

405 570 835 663 nos-'enim'
857 574 1174 661 Comiti
1206 573 1721 686 Rognvalldo
1763 596 1943 666 tam
1975 586 2248 695 qvoad
2253 579 2826 694 prudentiam,
2896 598 3142 686 qvam
3179 598 3328 679 qvo
3385 576 3463 642 A·
3498 578 3585 644 D·

418 712 534 793 ad
565 707 1002 812 fortunam
1035 707 1470 815 inferiores
1501 714 1864 821 erimus,-
1929 716 2061 800 hic
2093 735 2375 803 autem
2403 734 2579 825 pax
2618 708 2722 798 ἔθ’
2770 705 3325 793 reconciliatio
3344 694 3425 854 a}
3442 694 3470 757 ¹
3487 691 3609 776 42

384 837 616 951 ficio
663 866 845 925 meo
900 839 1314 950 Margado
1378 845 1817 954 impetrari
1872 855 2158 960 neqvit
2174 913 2199 955 ,
2232 848 2419 960 scio
2482 862 2763 932 autem
2805 860 3090 951 pacem
3128 837 3330 922 aliis
3375 904 3413 971 1
3439 807 3617 994 1Ἕὲ

415 975 852 1059 conciliari
858 975 1069 1085 poſje
1088 1037 1109 1079 ,
1171 1001 1462 1062 verum
1504 1003 1798 1087 neqveo
1850 984 1912 1066 ά
1954 1010 2087 1069 me
2138 988 2592 1094 impetrare
2638 995 2740 1062 ut
2781 1001 2965 1060 eum
3009 972 3142 1055 hic
3160 967 3329 1081 sub
3482 1009 3491 1018 x

397 1104 760 1214 securim
811 1112 1171 1212 tradam,
1252 1109 1448 1216 jam
1494 1127 1625 1196 tot
1672 1116 1854 1221 ejus
1903 1115 2496 1225 difficultatum
2553 1131 2834 1223 paenas
2885 1108 3111 1192 luere
3170 1104 3328 1187 ini·

408 1266 656 1350 qvum
675 1241 859 1349 est„
895 1246 1276 1349 qvamvis
1323 1270 1454 1328 me
1474 1305 1498 1346 ,
1561 1260 1661 1328 ut
1705 1249 1811 1331 ab
1841 1276 1929 1333 eo
1958 1249 2112 1335 hac
2144 1253 2323 1337 vice
2347 1246 2796 1358 sejungar,
2844 1236 3326 1352 perfimdere

407 1396 563 1457 non
583 1370 897 1481 poffim‚
1027 1375 1198 1486 Post
1239 1372 1409 1461 'haec
1439 1374 1744 1490 Sveinn
1796 1381 1892 1464 id
1934 1383 2245 1489 confilii
2294 1383 2552 1489 capit,
2616 1394 2715 1462 ut
2720 1374 3119 1486 Junibus',
3183 1370 3327 1480 qvi

403 1508 518 1590 ad
560 1531 861 1590 manus
908 1526 1192 1609 erant,
1296 1513 1809 1615 connodatis‚
1904 1513 2143 1599 noctu
2191 1510 2453 1623 ipsum
2495 1509 2599 1599 ἔθ’
2662 1509 2763 1594 M
2769 1505 3172 1618 argadum
3218 1499 3355 1589 ex'

401 1637 595 1721 urbe
657 1639 749 1721 in
806 1666 1038 1725 mare
1094 1643 1683 1752 demitterent5
1751 1645 1843 1728 hi
1886 1647 2181 1732 exinde
2214 1646 2576 1731 natando
2592 1703 2616 1745 ,
2674 1656 3129 1754 praernpta,
3193 1641 3319 1724 do-

393 1796 536 1853 nec
577 1770 1011 1880 deficerent
1031 1836 1055 1878 ,
1135 1775 1542 1889 legebant.
1670 1777 2142 1887 Repetituri
2191 1779 2478 1864 deinde
2516 1775 3094 1873 continentem,
3162 1789 3319 1881 per

403 1900 914 2011 Sudurland,
963 1910 1155 1993 inde
1216 1905 1790 2012 Maerhaefiam,
1885 1912 2223 2021 deniqve
2270 1904 2675 2017 Dufeyras
2705 1901 2811 2015 se
2860 1904 3317 2010 conferunt.

403 2037 848 2124 Inveniunt
875 2039 1117 2148 forte
1163 2042 1293 2126 hic
1344 2044 1436 2127 in
1491 2069 1702 2130 nave
1764 2042 2127 2129 velloria
2175 2037 2668 2128 Orcadenses
2681 2101 2705 2142 ,
2804 2062 3134 2123 numero
3192 2036 3316 2119 de·

389 2198 562 2257 cem
642 2198 986 2282 qvorum
1053 2176 1243 2260 duci
1303 2175 1559 2261 alteri
1639 2172 2061 2260 Hallvardi
2079 2238 2105 2282 ,
2168 2177 2422 2264 alteri
2482 2167 2932 2260 Thorkelis
2992 2194 3318 2273 nomen,
3448 2203 3453 2212 ·

397 2331 684 2391 verum
746 2334 933 2392 cum
986 2307 1292 2392 Sveinn
1369 2306 1474 2397 &
1543 2308 2002 2421 Margadus
2088 2313 2203 2395 iis
2278 2306 2928 2418 consociarentur
2945 2367 2969 2408 ‚
3032 2304 3314 2389 duode-

390 2465 561 2524 cem
657 2444 749 2524 in
820 2467 1032 2528 nave
1107 2439 1468 2530 'uectoria
1483 2506 1504 2545 ‚
1605 2443 1999 2555 australes
2064 2443 2355 2528 Scotiae
2433 2467 2623 2529 oras
2677 2460 2858 2552 prae
2875 2438 3268 2526 tereundo
3284 2496 3311 2540 ‚

391 2572 488 2655 in
515 2619 522 2628 ·
547 2569 890 2682 Mfieyas
941 2592 1330 2688 pergunt.
1460 2576 1673 2662 Erat
1755 2579 2073 2665 ibidem
2129 2603 2218 2665 eo
2281 2593 2639 2686 tempore
2701 2570 3311 2681 monasterium,

392 2705 526 2789 cui
575 2704 957 2814 praefeilo
1021 2708 1316 2793 abbati
1377 2735 1670 2795 nomen
1733 2708 2148 2800 Balldvini.
2343 2711 2504 2795 Hic
2565 2702 2909 2815 adversa
2974 2703 3306 2811 impedi·

398 2855 541 2922 tus
605 2839 1071 2948 tempestate
1136 2840 1444 2925 Sveinn
1520 2870 1703 2927 cum
1753 2843 1949 2952 Juis
2015 2843 2323 2954 septem
2405 2840 2674 2927 noctes
2750 2852 3129 2923 moratur
3203 2828 3309 2920 Εἴ

363 2971 472 3079 se
536 2975 597 3058 ά
658 2975 958 3058 comite
1032 2972 1553 3083 R6gnvalldo
1627 2978 1742 3060 ad
1812 3002 2093 3086 regem
2177 2973 2468 3058 Scotiae
2539 2972 2913 3083 legatum
2988 2966 3310 3078 affirit‚

389 3103 627 3210 ωας
702 3099 1169 3214 αφξνῑίοηίς
1221 3109 1692 3196 'veritatem
1749 3105 2160 3217 suspicati
2236 3104 2648 3205 monachi,
2744 3103 3075 3213 piratas
3162 3098 3308 3210 effe

379 3252 692 3345 putant
751 3234 855 3324 ξφ
915 3255 1486 3327 conterraneos
1535 3259 1690 3350 per
1752 3243 2093 3326 nuncios
2153 3254 2621 3328 convocant.
2814 3233 3062 3349 Qvod
3116 3256 3304 3316 cunt

389 3366 699 3462 Sveinn
760 3397 942 3456 cum
977 3370 1170 3481 suis
1230 3374 1748 3483 comperiret,
1812 3400 2107 3462 navem
2171 3389 2500 3484 repente
2563 3366 2918 3482 aftendit
2933 3430 2955 3472 ,
3020 3369 3299 3479 ingen·

391 3503 623 3586 tibus
677 3505 914 3611 prius
931 3499 1332 3613 spoliatis
1363 3510 1779 3615 pecunii55
1838 3509 2005 3617 post
2047 3509 2374 3593 abitum
2416 3503 2827 3616 translati
2879 3520 3024 3613 per
3068 3499 3303 3606 Myr·

390 3631 808 3739 kvafiord‚
900 3634 1426 3746 Edinoburgi
1487 3636 1893 3723 Davidem
1959 3664 2238 3753 regem
2300 3636 2588 3719 Scotiae
2656 3636 3184 3732 conveniunt,
3247 3632 3310 3715 d

391 3794 547 3878 qvo
604 3770 947 3883 benigne
1012 3770 1779 3881 exceptus'Sveinn,
1873 3775 2061 3860 (ἔφη
2111 3767 2308 3882 suis
2365 3772 2482 3855 ad
2519 3770 2948 3867 nettendas
2999 3764 3307 3847 ibidem

392 3928 669 3990 moras
703 3881 1150 3993 invitatur.
1284 3903 1592 3988 Sveinn
1623 3909 1808 4019 regi
1836 3923 2111 3992 totam
2133 3905 2273 4009 sui
2306 3905 2711 3988 adventus
2742 3894 3104 4004 caustzm,
3138 3891 3311 4004 sua

390 4062 572 4124 cum
635 4036 930 4121 comite
971 4033 1483 4150 Rognvalldo
1510 4054 1709 4123 ante
1743 4035 2146 4149 disceſjum
2179 4034 2401 4139 aeia,
2462 4034 2815 4145 qvodqve
2858 4032 2948 4115 in
2986 4026 3311 4138 Meieyis

385 4165 888 4276 spoliaverat
941 4174 1281 4279 exponit
1332 4169 1432 4260 Εἴ
1484 4174 1669 4257 inde
1721 4167 2348 4282 aliqvantisper',
2415 4168 2612 4284 bene
2664 4162 3034 4268 habitus,
3096 4162 3320 4273 apud

393 4297 696 4430 Regem
737 4298 1175 4389 Scotorum
1230 4332 1415 4392 cum
1447 4303 1644 4414 suis
1681 4317 2260 4400 commoratur.
2387 4299 2569 4418 Rege
2632 4293 2905 4388 David
2983 4301 3099 4386 ad
3137 4321 3309 4398 eos,

1757 4437 1843 4520 li
1917 4455 1963 4544 3
2588 4455 2594 4460 ·
3160 4427 3305 4538 qvi
