4100 5284
986 399 991 404 ⁵
1069 409 1606 504 HISTORIA
1670 407 2547 516 ORCADENSIUM
3085 429 3198 524 17
3214 431 3256 503 1

348 662 679 750 mittere
709 660 1215 750 credebatur.
1339 657 1519 773 Post
1575 661 1784 749 hunc
1844 675 2332 750 conventum
2346 722 2370 766 ,
2431 660 2579 773 qvi
2640 667 2890 747 antea
2923 615 3251 748 inimici
3314 657 3398 731 A·
3422 661 3516 739 D

334 787 685 907 fuerant
702 860 728 908 ,
786 797 1046 886 amici
1073 795 1182 883 ab
1230 796 1585 884 invicem
1611 795 2147 908 discedebant

1042 1039 1437 1176 Mors
1521 1036 1924 1213 Regis
2010 1037 2547 1213 Sigurdi.

343 1215 738 1434 Residet
818 1323 975 1413 hac
1048 1326 1328 1445 Qeme
1404 1324 1809 1440 SIgurdus
1885 1331 2071 1420 Rex
2139 1330 2544 1418 orientem
2618 1321 2897 1438 versus
2957 1323 3252 1430 Ossoae,
3293 1335 3337 1409 1
3358 1334 3399 1409 1
3416 1334 3540 1433 30

345 1456 806 1586 infiqvente
856 1477 1138 1548 autem
1206 1489 1437 1567 vere,
1508 1466 1797 1552 morbo
1872 1479 2290 1576 correptus
2303 1524 2327 1567 ‚
2399 1488 2567 1552 una
2628 1458 2857 1551 noae
2903 1460 3078 1575 post
3114 1459 3251 1571 fe·

323 1576 545 1703 stum
585 1592 878 1679 Mariae
911 1613 1288 1684 mortuus
1318 1595 1473 1710 eft·
1437 1661 1466 1706 ,
1538 1607 1725 1686 tu'm
1758 1599 1945 1709 ejus
1961 1594 2213 1709 filius
2241 1595 2612 1707 Magnus
2646 1599 2741 1683 in
2768 1597 3048 1708 oppido
3097 1595 3251 1682 ibi-

345 1726 520 1812 dem
555 1747 933 1834 manens,
980 1732 1350 1818 concione
1381 1716 1822 1820 convocata
1836 1795 1860 1838 ,
1913 1749 2065 1844 per
2093 1746 2367 1820 totam
2397 1732 2815 1844 regionem
2828 1790 2850 1832 ‚
2894 1730 3031 1813 nti
3066 1731 3252 1842 regi

343 1853 700 1970 Sigurdo
722 1862 1000 1952 incolae
999 1865 1511 1973 juraverant
1524 1923 1553 1972 ‚
1580 1864 1760 1951 Rex
1788 1865 2344 1982 constituitur,
2368 1866 2650 1954 omnia
2669 1862 2977 1951 aeraria
3004 1864 3247 1978 regia

341 1990 761 2103 qffumens.

609 2238 995 2330 Haralldr
1058 2240 1349 2331 Gillius
1421 2240 1950 2357 Tunsbergis
2008 2253 2200 2335 erat
2223 2306 2248 2350 ,
2321 2268 2507 2331 cum
2580 2257 2933 2330 mortem
2988 2238 3246 2354 Regis

345 2366 674 2483 Sigurdi
699 2378 1034 2464 audiret
1047 2440 1072 2483 ,
1133 2377 1320 2464 hinc
1364 2381 1672 2468 amicos
1707 2400 2089 2467 convocat
2118 2375 2225 2468 85’
2253 2372 2864 2496 R6gnvalldum
2879 2400 3081 2461 -cum
3107 2391 3248 2485 pa-

343 2524 472 2595 tre
530 2528 679 2622 per
730 2510 1053 2626 legatos
1106 2509 1428 2623 arceffit
1443 2576 1487 2626 ,κ
1498 2511 1834 2625 semper
1877 2517 2103 2602 enim
2159 2540 2215 2601 a
2271 2540 2425 2626 qvo
2482 2511 2576 2596 in
2628 2505 2928 2620 Anglia
2972 2534 3251 2596 conve·

344 2660 681 2749 nerant,
743 2644 989 2754 ipsius
997 2641 1304 2753 fuerat
1366 2654 1720 2754 amicus,
1779 2643 1887 2737 ἅθ’
1911 2645 2071 2760 ipse
2117 2674 2261 2735 nec
2299 2673 2464 2735 non
2479 2661 2732 2758 pater
2787 2644 3256 2729 maximum

333 2792 864 2886 promoverat
911 2773 1473 2887 juramentum
1522 2782 2101 2893 purgatorium
2137 2777 2504 2867 Haralldi
2560 2804 2837 2866 coram
2879 2775 3099 2886 Rege
3140 2771 3252 2856 Si·

346 2907 658 3018 gurda,
688 2910 1140 2999 multorum
1160 2909 1693 3024 ffitraparum
1722 2935 1900 3027 ope,
1965 2915 2400 3024 Ingimaris
2439 2910 2840 2997 Svenonis
2869 2903 2974 2994 ΕΤ
2990 2901 3254 2991 Thio-

345 3041 542 3128 stolfi
586 3041 748 3130 Alii
774 3041 1187 3154 filiorum.
1375 3046 1695 3134 Horum
1746 3074 1931 3132 cum
1987 3042 2384 3129 Haralldo
2454 3043 2868 3148 consilium
2910 3057 3097 3125 erat
3150 3056 3252 3122 ut

344 3172 663 3288 Haugis
726 3175 1419 3289 Tunsbergarum
1464 3195 1907 3268 conventus
1938 3178 2384 3267 haberetur
2401 3239 2425 3282 ‚
2485 3165 2633 3261 ubi
2664 3168 3098 3260 Haralldus
3133 3172 3255 3256 di·

342 3313 593 3397 midii
632 3314 876 3427 regni
930 3333 1084 3398 rex·
1132 3314 1751 3423 pronunciatur.
1878 3309 2388 3424 Juramenta
2448 3308 3060 3424 appellabantur
3136 3334 3252 3393 co·

346 3442 536 3534 aila
564 3445 857 3554 qvibus
867 3448 1474 3556 patrimonium
1486 3473 1790 3562 genere
1810 3444 1957 3556 luo
1986 3450 2346 3537 nondum
2358 3446 2731 3560 probato,
2763 3444 3250 3560 impetraret

344 3577 939 3688 abdicaverat;
1023 3577 1212 3662 hinc
1259 3581 1541 3667 incolae
1586 3579 1703 3667 ad
1743 3591 1927 3667 eum
1978 3581 2444 3694 confluxere
2495 3580 2791 3691 ipfiqve
2848 3572 3251 3683 ministra·

344 3728 548 3796 runt
567 3773 590 3814 ‚
652 3713 783 3796 ita
825 3725 925 3795 ut
972 3709 1514 3798 multitudine
1537 3712 2045 3828 stiparetur‚·
2105 3717 2423 3830 legatis
2454 3711 2721 3824 postea
2757 3735 2943 3795 eum
2985 3702 3091 3792 Εἴ
3131 3729 3246 3810 re:

336 3871 535 3959 gem
565 3842 981 3953 Magnum
1025 3844 1717 3933 intercedentibus
1738 3912 1761 3953 ,
1801 3867 2155 3961 qvatuor
2219 3843 2535 3962 hyemes
2578 3859 2883 3936 exeunt
2899 3904 2922 3944 ,
2976 3838 3245 3949 prius*

344 4002 597 4084 qvam
645 4004 744 4062 ea
808 3977 1262 4063 conditione
1295 3979 1911 4096 transigeretur
1950 4003 2057 4070 ut
2104 3984 2376 4097 qvivis
2418 3977 2856 4068 dimidium
2900 3973 3260 4090 regnunt

341 4113 790 4219 retineret5
820 4136 1106 4196 verum
1133 4108 1314 4194 Rex
1343 4109 1736 4224 Magnus,
1781 4144 2033 4207 naves
2059 4118 2378 4231 longas,
2409 4109 2874 4226 mensarum
2909 4107 3242 4219 appara-

344 4262 570 4348 tum,
608 4243 715 4335 &⁹
723 4241 1062 4357 singula
1103 4246 1410 4330 aeraria
1449 4246 1805 4335 habebat
1820 4312 1843 4355 ‚
1861 4247 2189 4361 sortem
2204 4247 2464 4361 Jiaeam
2507 4264 2890 4334 attamen
2912 4260 3011 4336 ut
3044 4238 3247 4327 mut·

344 4396 437 4466 to
477 4378 839 4492 pejorem
893 4401 1112 4492 aegre
1160 4372 1450 4493 ferens
1510 4378 1616 4472 ἔθ’
1679 4391 1959 4474 omnes
1999 4385 2308 4472 amicos¹
2349 4384 2574 4500 regis
2609 4361 2977 4467 Haralldi
3019 4355 3251 4489 hosti·

346 4513 553 4600 liter
610 4509 1021 4626 infestans
1208 4510 1388 4604 Rex
1449 4513 1822 4738 MagnuYo
1872 4518 2398 4616 donationem
2444 4543 2605 4632 qva
2641 4514 2833 4622 Rex
2822 4507 3252 4730 Sigugdus

830 4715 849 4727 .
1884 4663 1942 4743 2
3087 4663 3249 4729 reas
