4100 5284
1234 265 1791 417 HISTORIA
1833 281 2697 419 ORCADENSIUM
3229 344 3406 442 349

506 579 724 664 enim
753 575 1056 690 statim
1101 590 1325 684 opem
1364 574 1491 659 ibi
1530 573 2005 684 qvaefiturus
2049 572 2489 658 Haralldus
2503 635 2528 679 ,
2556 572 2910 661 habebat
2937 578 3221 689 quippe
3266 578 3399 664 bic
3418 573 3501 641 A.
3534 577 3624 643 D·

467 692 807 798 'rnultos
861 711 1167 793 amicos
1213 725 1456 818 atqve
1508 723 1917 820 cognatos.
2081 709 2369 795 Comes
2421 703 2826 792 Etlendus
2873 736 3060 795 cum
3106 710 3403 795 Sveine
3451 691 3546 761 ¹¹
3564 689 3681 784 57

499 844 853 956 aestatem
906 843 997 926 in
1045 836 1535 924 Hialtlandia
1594 840 2160 955 transigebat,
2224 843 2922 928 commorantibus
2961 843 3094 926 ita
3126 844 3395 958 singu·

497 980 612 1064 lis
676 974 1026 1062 navibus
1085 990 1185 1057 ut
1250 978 1483 1058 nullae
1532 971 2052 1084 Norvegiam
2109 987 2509 1086 peterent.
2659 973 3081 1085 Relinqvit
3123 975 3395 1086 aestate

419 1169 430 1178 -
490 1109 1017 1217 Norvegiam
1054 1102 1521 1210 HarallduS,
1585 1106 1941 1192 navibus
1972 1103 2406 1216 ἰηΙίηιέῖω
2416 1109 2748 1217 septem,
2774 1103 2878 1195 ἔθ’
2898 1110 3014 1194 ad
3036 1105 3395 1195 Orcades

500 1243 939 1344 allabitur,
1005 1257 1180 1324 tres
1229 1257 1509 1325 autem
1556 1237 1851 1324 harum
1915 1243 2031 1326 ad
2082 1236 2659 1323 Hialtlandiam
2722 1240 3077 1348 advevfis
3118 1245 3398 1328 ventis

467 1377 876 1488 feruntur
906 1370 1009 1462 θ’
1056 1400 1110 1458 a
1161 1374 1479 1460 Comite
1512 1367 1869 1455 Etlendo
1916 1376 2382 1482 capiuntur.
2506 1373 2606 1457 In
2639 1370 2998 1456 Orcades
3021 1373 3392 1461 devestus

492 1511 782 1597 Comes
824 1503 1259 1590 Haralldus
1308 1508 1549 1590 audit
1574 1502 1968 1608 relatum,
2030 1504 2398 1590 Comites
2431 1503 2557 1591 Ro
2571 1501 3049 1615 gnvalldum
3110 1504 3214 1596 ἐφ’
3245 1506 3394 1593 Er.

491 1638 822 1726 lendum
837 1637 1117 1742 faedus
1158 1636 1639 1747 contraxiffi’
1653 1698 1675 1739 ,
1744 1634 1841 1724 θ’
1888 1639 2171 1747 cuiqve
2205 1619 2644 1722 dimidium
2693 1636 3147 1748 insularum
3192 1646 3390 1761 reti·

458 1776 863 1861 nendum.
996 1773 1451 1857 Videbatur
1492 1774 1572 1855 ei
1616 1787 1802 1854 tum
1820 1788 2109 1880 patere
2139 1768 2289 1878 lita
2316 1764 2541 1878 sors,
2604 1787 2882 1881 nempe
2929 1775 3142 1882 qvod
3174 1752 3395 1860 nihil

491 1909 834 1994 ditionis
890 1904 1043 2012 fibi
1088 1904 1626 2017 destinaretur
1642 1932 1674 2010 ‚·
1740 1903 1930 1987 hinc
1970 1901 2381 2011 confilium
2414 1904 2672 2012 capit,
2738 1919 2839 1988 ut
2890 1905 2983 1988 in
3024 1901 3342 1991 Nesum
3362 1971 3388 2014 ,

488 2057 929 2151 anteqvam
966 2039 1250 2125 Comes
1287 2025 1686 2120 Erlendus
1719 2037 2065 2138 rediret,
2130 2035 2535 2121 Comitem
2568 2031 3179 2145 Rc’ignvalldum
3213 2068 3387 2128 con·
3424 2087 3429 2093 ·

484 2191 913 2274 venturus,
975 2167 1588 2274 transfretaret.
1721 2171 2007 2258 Comes
2052 2161 2456 2252 Erlendus
2514 2164 2614 2257 ΕΤ
2644 2167 2950 2256 Sveinn
2994 2172 3086 2257 in
3133 2170 3386 2261 Hialt-

487 2304 747 2391 landia
787 2303 1201 2415 constituti
1247 2319 1490 2387 erant
1530 2330 1714 2387 cum
1757 2305 2148 2387 audirent
2205 2302 2609 2389 Comitem
2666 2299 3150 2406 Haralldum
3197 2335 3383 2394 cum

482 2442 821 2550 qvinqve
850 2437 1202 2522 navibus
1232 2435 1507 2550 longis
1540 2438 1630 2537 in
1673 2432 2033 2520 Oreades
2064 2434 2381 2544 veniae.
2514 2432 2967 2544 Dileedunt
3006 2437 3193 2525 hinc
3212 2440 3379 2550 sta-

487 2581 648 2657 tim
693 2569 796 2657 &³
823 2573 912 2654 in
953 2567 1356 2679 Dynraust
1401 2572 1783 2681 ingentes
1827 2574 2209 2678 procellas
2253 2565 2356 2656 ΕΤ
2412 2568 3385 2686 vorticiskviciffitudines

473 2705 915 2813 patiuntur
933 2764 959 2807 ,
989 2704 1201 2787 unde
1230 2700 1533 2786 Sveinn
1561 2702 1946 2788 aComite
1975 2698 2432 2807 disjum'lus
2453 2701 2546 2783 in
2573 2697 2966 2811 Fridarey
2996 2706 3379 2792 curnduo-

484 2838 751 2920 decem
784 2837 1132 2922 navibus
1165 2835 1577 2944 repellitur
1595 2894 1617 2935 ,
1666 2819 2047 2941 opinatus
2083 2831 2489 2917 Comitem
2513 2832 2860 2941 periiffie.
2992 2835 3376 2922 Tendunt

482 2970 669 3052 inde
715 2973 805 3052 in
855 2966 1180 3076 Sandey
1228 2968 1706 3074 obviumqve
1760 2965 2065 3048 ibidem
2130 2961 2434 3046 habent
2484 2989 2666 3047 cum
2707 2966 2982 3049 tribus
3024 2969 3381 3054 navibus

478 3101 883 3187 Comitem
916 3096 1363 3184 Erlendum
1381 3161 1403 3201 ‚
1449 3120 1580 3216 ex.
1625 3111 2021 3196 conventu
2067 3096 2416 3201 undiqve
2460 3093 2641 3179 laeti
2656 3156 2679 3197 ,
2737 3097 3000 3182 delati
3042 3101 3240 3187 'inde
3279 3104 3374 3187 in

477 3229 778 3350 Rossqy
827 3235 921 3318 de
957 3235 1258 3317 itinere
1300 3231 1653 3319 Comitis
1681 3223 2043 3314 Haralldi
2078 3229 2464 3313 certiores
2504 3226 2982 3316 redduntur.

870 3629 878 3638 ,
1020 3474 1239 3605 De
1303 3466 1887 3604 ineunda
1948 3505 2298 3639 pace
2366 3466 2813 3640 agitur.

468 3650 558 3868 J
562 3785 702 3844 am
742 3752 1253 3864 referendum
1293 3754 1401 3865 est
1444 3754 1846 3842 Comitem
1898 3749 2377 3838 Haralldum
2425 3748 2572 3863 lex
2613 3755 3090 3864 instruetum
3139 3762 3374 3846 navi-

468 3880 621 3977 bus
652 3894 744 3976 in
773 3885 1245 3973 Thorstiam
1275 3886 1588 3996 veniae.
1718 3888 2001 3973 Comes
2013 3883 2569 3994 Rognvalldus
2602 3891 2921 3996 nuptiis
2947 3891 3040 3973 in
3068 3887 3366 3973 Sudur-

466 4021 760 4125 landia,
813 4048 995 4108 cum
1026 4021 1372 4108 elocaret
1396 4017 1685 4131 filiam
1717 4015 2163 4128 lngirIdarn
2197 4016 2442 4104 Erico
2485 4015 3004 4128 Slagbreller‚
3067 4024 3364 4106 intere·

345 4216 350 4220 -
468 4175 632 4242 rat.
760 4156 1029 4240 Audit
1062 4154 1344 4264 statim
1380 4154 1782 4238 Comitem
1829 4148 2156 4234 Haralld
2166 4176 2304 4231 um
2354 4152 2443 4234 in
2473 4148 2849 4236 Thorsda
2866 4214 2890 4257 ,
2952 4151 3365 4260 deveniffe,

467 4289 676 4384 unde
705 4314 796 4374 eo
826 4314 1008 4372 cum
1048 4284 1620 4390 multitudine,
1683 4282 1969 4369 reliafia
2003 4281 2351 4368 Beruvik
2369 4345 2395 4389 ,
2454 4286 2797 4395 eqvitat.
2916 4284 3137 4392 Erat
3161 4281 3362 4372 Eiri-

1241 4451 1248 4460 =
1799 4415 1882 4501 X
1903 4441 1960 4500 x
2030 4437 2076 4526 3
3215 4441 3359 4502 cus
