<?xml version="1.0" encoding="UTF-8"?>
<!DOCTYPE html PUBLIC "-//W3C//DTD XHTML 1.0 Transitional//EN"
    "http://www.w3.org/TR/xhtml1/DTD/xhtml1-transitional.dtd">
<html xmlns="http://www.w3.org/1999/xhtml" xml:lang="en" lang="en">
 <head>
  <title>
</title>
<meta http-equiv="Content-Type" content="text/html;charset=utf-8" />
  <meta name='ocr-system' content='tesseract 3.04.00' />
  <meta name='ocr-capabilities' content='ocr_page ocr_carea ocr_par ocr_line ocrx_word'/>
</head>
<body>
  <div class='ocr_page' id='page_1' title='image "./orkneyingasagas01stifgoog_0073.png"; bbox 0 0 4100 5284; ppageno 0'>
   <div class='ocr_carea' id='block_1_1' title="bbox 1088 348 3282 482">
    <p class='ocr_par' dir='ltr' id='par_1_1' title="bbox 1088 348 3282 482">
     <span class='ocr_line' id='line_1_1' title="bbox 1088 348 3282 482; baseline 0.009 -21"><span class='ocrx_word' id='word_1_1' title='bbox 1088 348 1673 461; x_wconf 69' lang='lat' dir='ltr'><strong><em>HISTORIA</em></strong></span> <span class='ocrx_word' id='word_1_2' title='bbox 1720 365 2595 464; x_wconf 76' lang='lat' dir='ltr'><em>oRcADENSIUM.</em></span> <span class='ocrx_word' id='word_1_3' title='bbox 3155 374 3282 482; x_wconf 72' lang='lat'><em>53·</em></span> 
     </span>
    </p>
   </div>
   <div class='ocr_carea' id='block_1_2' title="bbox 346 596 3567 1802">
    <p class='ocr_par' dir='ltr' id='par_1_2' title="bbox 346 596 3567 1802">
     <span class='ocr_line' id='line_1_2' title="bbox 370 596 3555 729; baseline -0.001 -24"><span class='ocrx_word' id='word_1_4' title='bbox 370 621 796 726; x_wconf 70' lang='lat' dir='ltr'><em>utrius-qve</em></span> <span class='ocrx_word' id='word_1_5' title='bbox 873 616 1228 729; x_wconf 72' lang='lat' dir='ltr'><em>mflmm</em></span> <span class='ocrx_word' id='word_1_6' title='bbox 1307 615 1732 703; x_wconf 83' lang='lat' dir='ltr'><em>auxilium</em></span> <span class='ocrx_word' id='word_1_7' title='bbox 1784 616 2099 702; x_wconf 88' lang='lat' dir='ltr'><em>retinet</em></span> <span class='ocrx_word' id='word_1_8' title='bbox 2112 677 2137 719; x_wconf 91' lang='lat'><em>,</em></span> <span class='ocrx_word' id='word_1_9' title='bbox 2221 617 2423 702; x_wconf 89' lang='lat' dir='ltr'><em>bene</em></span> <span class='ocrx_word' id='word_1_10' title='bbox 2486 596 3013 727; x_wconf 84' lang='lat' dir='ltr'><em>constitutum</em></span> <span class='ocrx_word' id='word_1_11' title='bbox 3071 617 3285 704; x_wconf 82' lang='lat' dir='ltr'><em>mihi</em></span> <span class='ocrx_word' id='word_1_12' title='bbox 3362 617 3443 686; x_wconf 83' lang='grc' dir='ltr'><em>Α·</em></span> <span class='ocrx_word' id='word_1_13' title='bbox 3468 616 3555 687; x_wconf 88' lang='lat' dir='ltr'><em>D·</em></span> 
     </span>
     <span class='ocr_line' id='line_1_3' title="bbox 372 734 3567 862; baseline 0.001 -26"><span class='ocrx_word' id='word_1_14' title='bbox 372 755 739 858; x_wconf 78' lang='lat' dir='ltr'><em>videtur,</em></span> <span class='ocrx_word' id='word_1_15' title='bbox 828 756 1002 838; x_wconf 84' lang='lat' dir='ltr'><em>cito</em></span> <span class='ocrx_word' id='word_1_16' title='bbox 1090 753 1315 837; x_wconf 86' lang='lat' dir='ltr'><em>enim</em></span> <span class='ocrx_word' id='word_1_17' title='bbox 1390 750 1639 861; x_wconf 83' lang='lat' dir='ltr'><em>ipfius</em></span> <span class='ocrx_word' id='word_1_18' title='bbox 1716 768 1859 860; x_wconf 83' lang='lat' dir='ltr'><em>ops</em></span> <span class='ocrx_word' id='word_1_19' title='bbox 1931 750 2287 835; x_wconf 82' lang='lat' dir='ltr'><em>tributis</em></span> <span class='ocrx_word' id='word_1_20' title='bbox 2348 751 2540 836; x_wconf 87' lang='lat' dir='ltr'><em>inde</em></span> <span class='ocrx_word' id='word_1_21' title='bbox 2573 746 3013 862; x_wconf 83' lang='lat' dir='ltr'><em>sumendis</em></span> <span class='ocrx_word' id='word_1_22' title='bbox 3072 751 3288 839; x_wconf 86' lang='lat' dir='ltr'><em>mibi</em></span> <span class='ocrx_word' id='word_1_23' title='bbox 3337 734 3503 828; x_wconf 86' lang='lat'><em>103</em></span> <span class='ocrx_word' id='word_1_24' title='bbox 3519 735 3567 826; x_wconf 83' lang='lat'>5</span> 
     </span>
     <span class='ocr_line' id='line_1_4' title="bbox 366 880 3284 997; baseline 0 -27"><span class='ocrx_word' id='word_1_25' title='bbox 366 884 679 971; x_wconf 86' lang='lat' dir='ltr'><em>utilior.</em></span> <span class='ocrx_word' id='word_1_26' title='bbox 872 883 1047 995; x_wconf 85' lang='lat' dir='ltr'><em>Post</em></span> <span class='ocrx_word' id='word_1_27' title='bbox 1108 884 1272 971; x_wconf 81' lang='lat' dir='ltr'><em>haec</em></span> <span class='ocrx_word' id='word_1_28' title='bbox 1334 885 1686 974; x_wconf 80' lang='lat' dir='ltr'><em>redeunt</em></span> <span class='ocrx_word' id='word_1_29' title='bbox 1746 882 2021 997; x_wconf 83' lang='lat' dir='ltr'><em>legati</em></span> <span class='ocrx_word' id='word_1_30' title='bbox 2096 880 2621 991; x_wconf 83' lang='lat' dir='ltr'><em>referuntqve</em></span> <span class='ocrx_word' id='word_1_31' title='bbox 2685 880 3284 991; x_wconf 87' lang='lat' dir='ltr'><em>Thorfinnum,</em></span> 
     </span>
     <span class='ocr_line' id='line_1_5' title="bbox 368 1012 3293 1130; baseline -0 -26"><span class='ocrx_word' id='word_1_32' title='bbox 368 1022 593 1108; x_wconf 86' lang='lat' dir='ltr'><em>modo</em></span> <span class='ocrx_word' id='word_1_33' title='bbox 636 1015 1201 1129; x_wconf 73' lang='lat' dir='ltr'><em>Rognvalldus</em></span> <span class='ocrx_word' id='word_1_34' title='bbox 1214 1080 1239 1124; x_wconf 90' lang='lat'><em>,</em></span> <span class='ocrx_word' id='word_1_35' title='bbox 1301 1020 1439 1103; x_wconf 85' lang='lat' dir='ltr'><em>uti</em></span> <span class='ocrx_word' id='word_1_36' title='bbox 1481 1033 1824 1129; x_wconf 83' lang='lat' dir='ltr'><em>propter</em></span> <span class='ocrx_word' id='word_1_37' title='bbox 1886 1012 2686 1130; x_wconf 74' lang='lat' dir='ltr'><em>consangvinitatem</em></span> <span class='ocrx_word' id='word_1_38' title='bbox 2731 1019 3061 1104; x_wconf 83' lang='lat' dir='ltr'><em>deberet</em></span> <span class='ocrx_word' id='word_1_39' title='bbox 3074 1082 3101 1122; x_wconf 92' lang='lat'>‚</span> <span class='ocrx_word' id='word_1_40' title='bbox 3135 1018 3293 1129; x_wconf 80' lang='lat' dir='ltr'><em>ipsi</em></span> 
     </span>
     <span class='ocr_line' id='line_1_6' title="bbox 356 1149 3287 1264; baseline -0 -26"><span class='ocrx_word' id='word_1_41' title='bbox 356 1154 824 1241; x_wconf 76' lang='lat' dir='ltr'><em>auxiliator</em></span> <span class='ocrx_word' id='word_1_42' title='bbox 921 1153 1067 1264; x_wconf 74' lang='lat' dir='ltr'><em>effe</em></span> <span class='ocrx_word' id='word_1_43' title='bbox 1151 1151 1363 1241; x_wconf 81' lang='lat' dir='ltr'><em>velit</em></span> <span class='ocrx_word' id='word_1_44' title='bbox 1381 1214 1407 1256; x_wconf 90' lang='lat'><em>,</em></span> <span class='ocrx_word' id='word_1_45' title='bbox 1497 1153 1709 1237; x_wconf 88' lang='lat' dir='ltr'><em>duas</em></span> <span class='ocrx_word' id='word_1_46' title='bbox 1786 1149 1987 1261; x_wconf 79' lang='lat' dir='ltr'><em>istas</em></span> <span class='ocrx_word' id='word_1_47' title='bbox 2041 1165 2336 1258; x_wconf 82' lang='lat' dir='ltr'><em>partes</em></span> <span class='ocrx_word' id='word_1_48' title='bbox 2425 1150 2865 1261; x_wconf 66' lang='lat' dir='ltr'><em>concessisti·</em></span> <span class='ocrx_word' id='word_1_49' title='bbox 2876 1181 2914 1259; x_wconf 75' lang='lat'><em>,-</em></span> <span class='ocrx_word' id='word_1_50' title='bbox 3007 1150 3287 1262; x_wconf 71' lang='lat' dir='ltr'>Rfign·</span> 
     </span>
     <span class='ocr_line' id='line_1_7' title="bbox 355 1282 3283 1397; baseline 0.001 -25"><span class='ocrx_word' id='word_1_51' title='bbox 355 1290 669 1373; x_wconf 75' lang='lat' dir='ltr'><em>vaadus</em></span> <span class='ocrx_word' id='word_1_52' title='bbox 749 1314 945 1374; x_wconf 81' lang='lat' dir='ltr'><em>vero</em></span> <span class='ocrx_word' id='word_1_53' title='bbox 1003 1285 1177 1397; x_wconf 87' lang='lat' dir='ltr'><em>sua</em></span> <span class='ocrx_word' id='word_1_54' title='bbox 1238 1303 1578 1372; x_wconf 86' lang='lat' dir='ltr'><em>tantum</em></span> <span class='ocrx_word' id='word_1_55' title='bbox 1642 1302 1925 1395; x_wconf 85' lang='lat' dir='ltr'><em>petere</em></span> <span class='ocrx_word' id='word_1_56' title='bbox 1969 1282 2146 1394; x_wconf 81' lang='lat' dir='ltr'><em>sibi</em></span> <span class='ocrx_word' id='word_1_57' title='bbox 2207 1282 2686 1390; x_wconf 83' lang='lat' dir='ltr'><em>videbatur,</em></span> <span class='ocrx_word' id='word_1_58' title='bbox 2747 1312 2934 1371; x_wconf 87' lang='lat' dir='ltr'><em>cum</em></span> <span class='ocrx_word' id='word_1_59' title='bbox 2995 1303 3283 1374; x_wconf 86' lang='lat' dir='ltr'><em>autem</em></span> 
     </span>
     <span class='ocr_line' id='line_1_8' title="bbox 358 1412 3280 1532; baseline 0.002 -29"><span class='ocrx_word' id='word_1_60' title='bbox 358 1417 880 1504; x_wconf 72' lang='lat' dir='ltr'><em>Thon-finnus</em></span> <span class='ocrx_word' id='word_1_61' title='bbox 917 1420 1186 1530; x_wconf 89' lang='lat' dir='ltr'><em>facile</em></span> <span class='ocrx_word' id='word_1_62' title='bbox 1251 1423 1451 1507; x_wconf 86' lang='lat' dir='ltr'><em>adeo</em></span> <span class='ocrx_word' id='word_1_63' title='bbox 1490 1416 1813 1528; x_wconf 81' lang='lat' dir='ltr'><em>fundos</em></span> <span class='ocrx_word' id='word_1_64' title='bbox 1874 1416 2233 1518; x_wconf 83' lang='lat' dir='ltr'><em>dederit,</em></span> <span class='ocrx_word' id='word_1_65' title='bbox 2268 1412 2373 1526; x_wconf 77' lang='lat' dir='ltr'><em>se</em></span> <span class='ocrx_word' id='word_1_66' title='bbox 2421 1417 2666 1528; x_wconf 82' lang='lat' dir='ltr'><em>ipsius</em></span> <span class='ocrx_word' id='word_1_67' title='bbox 2698 1420 3280 1532; x_wconf 57' lang='lat' dir='ltr'><em>eqvidemsscon-</em></span> 
     </span>
     <span class='ocr_line' id='line_1_9' title="bbox 346 1545 3275 1669; baseline 0.001 -26"><span class='ocrx_word' id='word_1_68' title='bbox 346 1556 675 1643; x_wconf 66' lang='lat' dir='ltr'><em>sordem</em></span> <span class='ocrx_word' id='word_1_69' title='bbox 708 1550 1135 1667; x_wconf 81' lang='lat' dir='ltr'><em>fidumqve</em></span> <span class='ocrx_word' id='word_1_70' title='bbox 1200 1555 1600 1657; x_wconf 85' lang='lat' dir='ltr'><em>amicum,</em></span> <span class='ocrx_word' id='word_1_71' title='bbox 1676 1554 1816 1637; x_wconf 87' lang='lat' dir='ltr'><em>uti</em></span> <span class='ocrx_word' id='word_1_72' title='bbox 1860 1547 2243 1669; x_wconf 67' lang='lat' dir='ltr'><em>poscebat</em></span> <span class='ocrx_word' id='word_1_73' title='bbox 2299 1545 3018 1666; x_wconf 63' lang='lat' dir='ltr'><em>consang-vinitas),</em></span> <span class='ocrx_word' id='word_1_74' title='bbox 3075 1555 3275 1667; x_wconf 84' lang='lat' dir='ltr'><em>fore</em></span> 
     </span>
     <span class='ocr_line' id='line_1_10' title="bbox 348 1680 2688 1802; baseline -0 -28"><span class='ocrx_word' id='word_1_75' title='bbox 348 1689 682 1775; x_wconf 83' lang='lat' dir='ltr'><em>indicat</em></span> <span class='ocrx_word' id='word_1_76' title='bbox 695 1752 720 1794; x_wconf 89' lang='lat'><em>,</em></span> <span class='ocrx_word' id='word_1_77' title='bbox 796 1692 1009 1775; x_wconf 84' lang='lat' dir='ltr'><em>unde</em></span> <span class='ocrx_word' id='word_1_78' title='bbox 1072 1690 1282 1802; x_wconf 84' lang='lat' dir='ltr'><em>duas</em></span> <span class='ocrx_word' id='word_1_79' title='bbox 1325 1703 1630 1802; x_wconf 85' lang='lat' dir='ltr'><em>partes</em></span> <span class='ocrx_word' id='word_1_80' title='bbox 1693 1686 2049 1779; x_wconf 83' lang='lat' dir='ltr'><em>ditionis</em></span> <span class='ocrx_word' id='word_1_81' title='bbox 2091 1683 2267 1792; x_wconf 83' lang='lat' dir='ltr'><em>sibi</em></span> <span class='ocrx_word' id='word_1_82' title='bbox 2297 1680 2688 1795; x_wconf 81' lang='lat' dir='ltr'><em>subjicit.</em></span> 
     </span>
    </p>
   </div>
   <div class='ocr_carea' id='block_1_3' title="bbox 661 1967 2969 2406">
    <p class='ocr_par' dir='ltr' id='par_1_3' title="bbox 661 1967 2969 2406">
     <span class='ocr_line' id='line_1_11' title="bbox 661 1967 2969 2155; baseline 0 -1"><span class='ocrx_word' id='word_1_83' title='bbox 661 1967 1293 2154; x_wconf 85' lang='lat' dir='ltr'><em>Praelium</em></span> <span class='ocrx_word' id='word_1_84' title='bbox 1372 2012 1949 2152; x_wconf 81' lang='lat' dir='ltr'><strong>fratrum</strong></span> <span class='ocrx_word' id='word_1_85' title='bbox 2032 2017 2153 2149; x_wconf 92' lang='lat' dir='ltr'>T</span> <span class='ocrx_word' id='word_1_86' title='bbox 2155 2012 2739 2151; x_wconf 88' lang='lat' dir='ltr'><em>horfinni</em></span> <span class='ocrx_word' id='word_1_87' title='bbox 2815 2015 2969 2155; x_wconf 63' lang='grc' dir='ltr'><em>δι</em></span> 
     </span>
     <span class='ocr_line' id='line_1_12' title="bbox 1394 2228 2238 2406; baseline -0.006 -36"><span class='ocrx_word' id='word_1_88' title='bbox 1394 2228 2238 2406; x_wconf 64' lang='lat' dir='ltr'><em>Riignvalldi,</em></span> 
     </span>
    </p>
   </div>
   <div class='ocr_carea' id='block_1_4' title="bbox 348 2473 3563 4006">
    <p class='ocr_par' dir='ltr' id='par_1_4' title="bbox 348 2473 3563 4006">
     <span class='ocr_line' id='line_1_13' title="bbox 352 2473 3536 2669; baseline -0.001 -24"><span class='ocrx_word' id='word_1_89' title='bbox 352 2473 672 2669; x_wconf 82' lang='lat' dir='ltr'><em>Vere</em></span> <span class='ocrx_word' id='word_1_90' title='bbox 771 2558 1104 2644; x_wconf 87' lang='lat' dir='ltr'><em>ineunte</em></span> <span class='ocrx_word' id='word_1_91' title='bbox 1180 2553 1474 2642; x_wconf 84' lang='lat' dir='ltr'><em>Comes</em></span> <span class='ocrx_word' id='word_1_92' title='bbox 1563 2547 2090 2637; x_wconf 84' lang='lat' dir='ltr'><em>Thorfinnus</em></span> <span class='ocrx_word' id='word_1_93' title='bbox 2173 2568 2324 2662; x_wconf 83' lang='lat' dir='ltr'><em>per</em></span> <span class='ocrx_word' id='word_1_94' title='bbox 2417 2550 2738 2666; x_wconf 86' lang='lat' dir='ltr'><em>legatos</em></span> <span class='ocrx_word' id='word_1_95' title='bbox 2831 2569 3274 2669; x_wconf 84' lang='lat' dir='ltr'><em>cognatum</em></span> <span class='ocrx_word' id='word_1_96' title='bbox 3328 2594 3409 2661; x_wconf 82' lang='lat' dir='ltr'><em>A.</em></span> <span class='ocrx_word' id='word_1_97' title='bbox 3448 2595 3536 2663; x_wconf 89' lang='lat' dir='ltr'><em>D.</em></span> 
     </span>
     <span class='ocr_line' id='line_1_14' title="bbox 368 2678 3563 2804; baseline 0.001 -26"><span class='ocrx_word' id='word_1_98' title='bbox 368 2685 976 2804; x_wconf 68' lang='lat' dir='ltr'><em>Rognvalldum</em></span> <span class='ocrx_word' id='word_1_99' title='bbox 1051 2705 1308 2804; x_wconf 84' lang='lat' dir='ltr'><em>rogat</em></span> <span class='ocrx_word' id='word_1_100' title='bbox 1380 2703 1481 2771; x_wconf 90' lang='lat' dir='ltr'><em>ut</em></span> <span class='ocrx_word' id='word_1_101' title='bbox 1542 2688 2008 2796; x_wconf 82' lang='lat' dir='ltr'><em>piraticam</em></span> <span class='ocrx_word' id='word_1_102' title='bbox 2058 2681 2351 2795; x_wconf 74' lang='lat' dir='ltr'><em>secum</em></span> <span class='ocrx_word' id='word_1_103' title='bbox 2418 2678 2811 2798; x_wconf 76' lang='lat' dir='ltr'><em>suscipiat</em></span> <span class='ocrx_word' id='word_1_104' title='bbox 2836 2750 2862 2793; x_wconf 94' lang='lat'><em>,</em></span> <span class='ocrx_word' id='word_1_105' title='bbox 2956 2686 3270 2799; x_wconf 79' lang='lat' dir='ltr'><em>adscita</em></span> <span class='ocrx_word' id='word_1_106' title='bbox 3325 2688 3563 2801; x_wconf 85' lang='lat'>1036</span> 
     </span>
     <span class='ocr_line' id='line_1_15' title="bbox 374 2818 3271 2936; baseline -0 -25"><span class='ocrx_word' id='word_1_107' title='bbox 374 2843 610 2912; x_wconf 83' lang='lat' dir='ltr'><em>tanta</em></span> <span class='ocrx_word' id='word_1_108' title='bbox 623 2888 650 2933; x_wconf 92' lang='lat'><em>,</em></span> <span class='ocrx_word' id='word_1_109' title='bbox 728 2840 1127 2936; x_wconf 81' lang='lat' dir='ltr'><em>qvantam</em></span> <span class='ocrx_word' id='word_1_110' title='bbox 1189 2839 1659 2931; x_wconf 83' lang='lat' dir='ltr'><em>comparare</em></span> <span class='ocrx_word' id='word_1_111' title='bbox 1722 2818 2020 2929; x_wconf 71' lang='lat' dir='ltr'><em>poffl’t,</em></span> <span class='ocrx_word' id='word_1_112' title='bbox 2095 2820 2680 2923; x_wconf 80' lang='lat' dir='ltr'><em>multitudine,</em></span> <span class='ocrx_word' id='word_1_113' title='bbox 2765 2850 2920 2932; x_wconf 80' lang='lat' dir='ltr'><em>qvo</em></span> <span class='ocrx_word' id='word_1_114' title='bbox 2984 2823 3271 2910; x_wconf 87' lang='lat' dir='ltr'><em>audito</em></span> 
     </span>
     <span class='ocr_line' id='line_1_16' title="bbox 372 2950 3273 3071; baseline -0.002 -26"><span class='ocrx_word' id='word_1_115' title='bbox 372 2955 927 3071; x_wconf 69' lang='lat' dir='ltr'><em>Rfignvalldus</em></span> <span class='ocrx_word' id='word_1_116' title='bbox 1014 2957 1293 3067; x_wconf 83' lang='lat' dir='ltr'><em>copias</em></span> <span class='ocrx_word' id='word_1_117' title='bbox 1366 2954 1657 3065; x_wconf 80' lang='lat' dir='ltr'><em>statim</em></span> <span class='ocrx_word' id='word_1_118' title='bbox 1715 2950 1825 3041; x_wconf 66' lang='grc' dir='ltr'><em>ἔθ’</em></span> <span class='ocrx_word' id='word_1_119' title='bbox 1866 2978 2177 3054; x_wconf 81' lang='lat' dir='ltr'><em>naves,</em></span> <span class='ocrx_word' id='word_1_120' title='bbox 2266 2970 2467 3061; x_wconf 83' lang='lat' dir='ltr'><em>qvot</em></span> <span class='ocrx_word' id='word_1_121' title='bbox 2520 2953 2840 3059; x_wconf 84' lang='lat' dir='ltr'><em>potuit,</em></span> <span class='ocrx_word' id='word_1_122' title='bbox 2906 2955 3273 3067; x_wconf 85' lang='lat' dir='ltr'><em>colligit,</em></span> 
     </span>
     <span class='ocr_line' id='line_1_17' title="bbox 376 3078 3274 3206; baseline -0.004 -27"><span class='ocrx_word' id='word_1_123' title='bbox 376 3120 703 3206; x_wconf 79' lang='lat' dir='ltr'><em>cumque</em></span> <span class='ocrx_word' id='word_1_124' title='bbox 736 3109 1099 3205; x_wconf 82' lang='lat' dir='ltr'><em>paratus</em></span> <span class='ocrx_word' id='word_1_125' title='bbox 1128 3090 1354 3200; x_wconf 70' lang='lat' dir='ltr'><em>effet,</em></span> <span class='ocrx_word' id='word_1_126' title='bbox 1418 3083 1987 3191; x_wconf 68' lang='lat' dir='ltr'><em>Thorfiljmum</em></span> <span class='ocrx_word' id='word_1_127' title='bbox 2006 3144 2030 3186; x_wconf 91' lang='lat'>‚</span> <span class='ocrx_word' id='word_1_128' title='bbox 2095 3086 2241 3193; x_wconf 85' lang='lat' dir='ltr'><em>qvi</em></span> <span class='ocrx_word' id='word_1_129' title='bbox 2269 3099 2468 3166; x_wconf 90' lang='lat' dir='ltr'><em>tunc</em></span> <span class='ocrx_word' id='word_1_130' title='bbox 2473 3078 2734 3190; x_wconf 83' lang='lat' dir='ltr'><em>sunm</em></span> <span class='ocrx_word' id='word_1_131' title='bbox 2766 3082 3274 3191; x_wconf 83' lang='lat' dir='ltr'><em>instruxerat</em></span> 
     </span>
     <span class='ocr_line' id='line_1_18' title="bbox 374 3208 3272 3338; baseline -0.004 -25"><span class='ocrx_word' id='word_1_132' title='bbox 374 3231 820 3313; x_wconf 84' lang='lat' dir='ltr'><em>exercitum</em></span> <span class='ocrx_word' id='word_1_133' title='bbox 838 3287 868 3331; x_wconf 91' lang='lat'><em>,</em></span> <span class='ocrx_word' id='word_1_134' title='bbox 920 3227 1145 3338; x_wconf 80' lang='lat' dir='ltr'><em>petit</em></span> <span class='ocrx_word' id='word_1_135' title='bbox 1161 3287 1188 3328; x_wconf 90' lang='lat'><em>,</em></span> <span class='ocrx_word' id='word_1_136' title='bbox 1242 3219 1352 3310; x_wconf 61' lang='grc' dir='ltr'><em>θ’</em></span> <span class='ocrx_word' id='word_1_137' title='bbox 1397 3223 1459 3306; x_wconf 80' lang='lat' dir='ltr'><em>d</em></span> <span class='ocrx_word' id='word_1_138' title='bbox 1494 3233 1843 3333; x_wconf 84' lang='lat' dir='ltr'><em>cognato</em></span> <span class='ocrx_word' id='word_1_139' title='bbox 1884 3214 2368 3301; x_wconf 81' lang='lat' dir='ltr'><em>humaniter</em></span> <span class='ocrx_word' id='word_1_140' title='bbox 2409 3230 2790 3324; x_wconf 84' lang='lat' dir='ltr'><em>exceptus</em></span> <span class='ocrx_word' id='word_1_141' title='bbox 2824 3216 3044 3300; x_wconf 84' lang='lat' dir='ltr'><em>vires</em></span> <span class='ocrx_word' id='word_1_142' title='bbox 3056 3208 3272 3326; x_wconf 69' lang='lat' dir='ltr'><em>ficas</em></span> 
     </span>
     <span class='ocr_line' id='line_1_19' title="bbox 365 3346 3271 3473; baseline -0.004 -26"><span class='ocrx_word' id='word_1_143' title='bbox 365 3364 449 3447; x_wconf 90' lang='lat' dir='ltr'><em>ei</em></span> <span class='ocrx_word' id='word_1_144' title='bbox 522 3357 942 3473; x_wconf 72' lang='lat' dir='ltr'><em>conficiat.</em></span> <span class='ocrx_word' id='word_1_145' title='bbox 1120 3360 1513 3464; x_wconf 81' lang='lat' dir='ltr'><em>Tempore</em></span> <span class='ocrx_word' id='word_1_146' title='bbox 1584 3351 1855 3464; x_wconf 80' lang='lat' dir='ltr'><em>aestivo</em></span> <span class='ocrx_word' id='word_1_147' title='bbox 1922 3368 2083 3461; x_wconf 82' lang='lat' dir='ltr'><em>per</em></span> <span class='ocrx_word' id='word_1_148' title='bbox 2165 3346 2574 3436; x_wconf 80' lang='lat' dir='ltr'><em>Haebudes</em></span> <span class='ocrx_word' id='word_1_149' title='bbox 2604 3411 2630 3454; x_wconf 94' lang='lat'><em>,</em></span> <span class='ocrx_word' id='word_1_150' title='bbox 2675 3381 2679 3385; x_wconf 45' lang='lat'>&lt;</span> <span class='ocrx_word' id='word_1_151' title='bbox 2724 3347 3271 3457; x_wconf 83' lang='lat' dir='ltr'><em>Hyberniam,</em></span> 
     </span>
     <span class='ocr_line' id='line_1_20' title="bbox 348 3479 3272 3607; baseline -0.003 -26"><span class='ocrx_word' id='word_1_152' title='bbox 348 3496 776 3607; x_wconf 81' lang='lat' dir='ltr'><em>finumqve</em></span> <span class='ocrx_word' id='word_1_153' title='bbox 839 3493 1133 3583; x_wconf 82' lang='lat' dir='ltr'><em>Scotiae</em></span> <span class='ocrx_word' id='word_1_154' title='bbox 1192 3515 1439 3576; x_wconf 87' lang='lat' dir='ltr'><em>arma</em></span> <span class='ocrx_word' id='word_1_155' title='bbox 1518 3483 2241 3595; x_wconf 73' lang='lat' dir='ltr'><em>circumferebant,</em></span> <span class='ocrx_word' id='word_1_156' title='bbox 2304 3479 2406 3570; x_wconf 56' lang='grc' dir='ltr'><em>θ’</em></span> <span class='ocrx_word' id='word_1_157' title='bbox 2419 3545 2444 3587; x_wconf 82' lang='grc'><em>,</em></span> <span class='ocrx_word' id='word_1_158' title='bbox 2510 3479 2989 3571; x_wconf 89' lang='lat' dir='ltr'><em>Thorfinno</em></span> <span class='ocrx_word' id='word_1_159' title='bbox 3065 3511 3272 3597; x_wconf 80' lang='lat' dir='ltr'><em>qvae·</em></span> 
     </span>
     <span class='ocr_line' id='line_1_21' title="bbox 370 3615 3267 3741; baseline -0.005 -25"><span class='ocrx_word' id='word_1_160' title='bbox 370 3656 616 3741; x_wconf 69' lang='lat' dir='ltr'><em>cunqt</em></span> <span class='ocrx_word' id='word_1_161' title='bbox 629 3658 673 3715; x_wconf 92' lang='lat' dir='ltr'><em>e</em></span> <span class='ocrx_word' id='word_1_162' title='bbox 746 3655 836 3714; x_wconf 91' lang='lat' dir='ltr'><em>eo</em></span> <span class='ocrx_word' id='word_1_163' title='bbox 911 3622 1272 3738; x_wconf 85' lang='lat' dir='ltr'><em>tempore</em></span> <span class='ocrx_word' id='word_1_164' title='bbox 1324 3622 1572 3710; x_wconf 83' lang='lat' dir='ltr'><em>obvia</em></span> <span class='ocrx_word' id='word_1_165' title='bbox 1611 3619 1787 3729; x_wconf 83' lang='lat' dir='ltr'><em>sibi</em></span> <span class='ocrx_word' id='word_1_166' title='bbox 1820 3615 2331 3730; x_wconf 79' lang='lat' dir='ltr'><em>subjiciente</em></span> <span class='ocrx_word' id='word_1_167' title='bbox 2364 3676 2390 3718; x_wconf 90' lang='lat'><em>,</em></span> <span class='ocrx_word' id='word_1_168' title='bbox 2478 3618 2777 3730; x_wconf 84' lang='lat' dir='ltr'><em>ingens</em></span> <span class='ocrx_word' id='word_1_169' title='bbox 2864 3619 3267 3728; x_wconf 59' lang='lat' dir='ltr'><em>pullum,</em></span> 
     </span>
     <span class='ocr_line' id='line_1_22' title="bbox 366 3751 3271 3870; baseline -0.002 -23"><span class='ocrx_word' id='word_1_170' title='bbox 366 3763 513 3847; x_wconf 86' lang='lat' dir='ltr'><em>ubi</em></span> <span class='ocrx_word' id='word_1_171' title='bbox 578 3756 1149 3870; x_wconf 82' lang='lat' dir='ltr'><em>Vatnsfiordus</em></span> <span class='ocrx_word' id='word_1_172' title='bbox 1208 3758 1486 3859; x_wconf 89' lang='lat' dir='ltr'><em>audit,</em></span> <span class='ocrx_word' id='word_1_173' title='bbox 1560 3751 2233 3852; x_wconf 74' lang='lat' dir='ltr'><em>committebant,</em></span> <span class='ocrx_word' id='word_1_174' title='bbox 2320 3775 2424 3834; x_wconf 81' lang='lat' dir='ltr'><em>ex</em></span> <span class='ocrx_word' id='word_1_175' title='bbox 2500 3752 2774 3837; x_wconf 86' lang='lat' dir='ltr'><em>eodem</em></span> <span class='ocrx_word' id='word_1_176' title='bbox 2849 3774 3088 3865; x_wconf 86' lang='lat' dir='ltr'><em>mane</em></span> <span class='ocrx_word' id='word_1_177' title='bbox 3147 3752 3271 3841; x_wconf 75' lang='lat' dir='ltr'><em>in-</em></span> 
     </span>
     <span class='ocr_line' id='line_1_23' title="bbox 365 3882 3273 4006; baseline -0.003 -25"><span class='ocrx_word' id='word_1_178' title='bbox 365 3911 592 4006; x_wconf 83' lang='lat' dir='ltr'><em>cepto</em></span> <span class='ocrx_word' id='word_1_179' title='bbox 654 3891 1094 3979; x_wconf 63' lang='lat' dir='ltr'><em>vitiorium</em></span> <span class='ocrx_word' id='word_1_180' title='bbox 1170 3901 1716 4002; x_wconf 83' lang='lat' dir='ltr'><em>reportantes.</em></span> <span class='ocrx_word' id='word_1_181' title='bbox 1903 3885 2149 3970; x_wconf 87' lang='lat' dir='ltr'><em>Facit</em></span> <span class='ocrx_word' id='word_1_182' title='bbox 2223 3882 2475 3992; x_wconf 74' lang='lat' dir='ltr'><em>bujw</em></span> <span class='ocrx_word' id='word_1_183' title='bbox 2538 3884 3041 3971; x_wconf 85' lang='lat' dir='ltr'><em>mentionem</em></span> <span class='ocrx_word' id='word_1_184' title='bbox 3113 3885 3273 3972; x_wconf 85' lang='lat' dir='ltr'><em>Ar·</em></span> 
     </span>
    </p>
   </div>
   <div class='ocr_carea' id='block_1_5' title="bbox 340 4023 3264 4395">
    <p class='ocr_par' dir='ltr' id='par_1_5' title="bbox 340 4023 3264 4395">
     <span class='ocr_line' id='line_1_24' title="bbox 340 4023 1254 4163; baseline -0.007 -48"><span class='ocrx_word' id='word_1_185' title='bbox 340 4055 507 4115; x_wconf 86' lang='lat' dir='ltr'><em>nor</em></span> <span class='ocrx_word' id='word_1_186' title='bbox 552 4023 1066 4163; x_wconf 58' lang='lat' dir='ltr'><em>Jarlqikdud:</em></span> <span class='ocrx_word' id='word_1_187' title='bbox 1248 4042 1254 4047; x_wconf 84' lang='grc'><strong>’</strong></span> 
     </span>
     <span class='ocr_line' id='line_1_25' title="bbox 1696 4280 3264 4395; baseline -0.013 -1"><span class='ocrx_word' id='word_1_188' title='bbox 1696 4280 1789 4377; x_wconf 75' lang='lat' dir='ltr'>G</span> <span class='ocrx_word' id='word_1_189' title='bbox 1859 4299 1905 4391; x_wconf 87' lang='lat'>3</span> <span class='ocrx_word' id='word_1_190' title='bbox 2401 4386 2414 4391; x_wconf 73' lang='grc'><strong>,</strong></span> <span class='ocrx_word' id='word_1_191' title='bbox 3051 4285 3264 4395; x_wconf 80' lang='lat' dir='ltr'><em>Scio,</em></span> 
     </span>
    </p>
   </div>
  </div>
 </body>
</html>
