4100 5284
1200 355 1734 452 HISmRJA
1824 317 2695 486 oRcADENSmM.
3219 375 3399 470 421

497 604 701 694 dum
740 604 1137 693 Maddadi
1161 603 1478 718 filium.
1609 604 1953 732 Fratres
1965 603 2229 715 Jonas
2261 601 2648 693 &David
2679 605 2848 717 post
2863 622 3194 717 patrem
3228 633 3396 693 am-
3445 614 3528 687 Α.
3596 616 3683 684 D.
3810 641 3815 646 ·
3886 627 3895 640 ·

479 751 589 835 bo
622 764 1120 863 regnarunt,
1182 748 1423 834 donec
1473 747 1787 856 David,
1851 752 2132 837 eodem
2158 772 2372 834 anno
2421 772 2571 857 qvo
2622 745 2922 829 Hacon
2969 743 3272 867 Galinn
3303 747 3395 830 in

447 885 584 971 -N
588 885 924 993 orvegia
996 885 1209 971 obiit
1224 948 1248 990 ‚
1320 883 1598 972 morh'o
1642 885 2321 1000 exstingveretur.
2450 881 2713 997 Jonas
2775 882 3140 993 deinceps
3184 900 3392 971 tota·

486 1040 675 1100 rum
731 1012 1153 1099 Orcadum
1212 1019 1704 1103 comitatum
1739 1010 2105 1130 sust-epit.

887 1181 1668 1410 Incendium
1752 1269 2354 1446 episcopi
2444 1197 2971 1405 Adami.

480 1454 917 1651 Mortuo
957 1565 1050 1647 in
1082 1560 1488 1647 Katanefia
1536 1557 1877 1673 epifi-opo
1905 1559 1970 1673 J
1970 1583 2127 1644 ona
2148 1620 2171 1662 ‚
2235 1583 2474 1670 qvem
2525 1557 2717 1644 laedi
2728 1555 3063 1667 fecerat
3097 1555 3387 1643 Comes

480 1699 919 1786 Haralldus
942 1763 964 1804 ‚
1064 1697 1363 1785 eledlus
1420 1699 1528 1809 est
1565 1698 1969 1810 sncceffor
2031 1697 2433 1810 epistopus
2500 1694 2876 1782 Adamus
2894 1724 2919 1806 3
2997 1694 3384 1804 Constitit

471 1835 791 1919 nemini
805 1858 1071 1944 genus
1104 1830 1286 1940 ejus
1302 1893 1323 1933 ‚
1383 1828 1669 1936 infans
1702 1835 1925 1917 enim
1978 1833 2093 1917 ad
2131 1831 2415 1941 ostium
2464 1834 2755 1943 templi
2799 1835 3225 1941 cujusdam
3267 1855 3384 1913 re-

431 1961 1107 2072 ·pertusfuerat3
1172 1963 1304 2046 hic
1337 1959 1971 2067 Katnesenfibu8‚
2005 1967 2201 2047 dum
2232 1961 2767 2071 episcopatum
2812 1960 3097 2076 fgeffit‚
3138 1960 3381 2044 nimi·

472 2121 616 2181 um
652 2100 982 2210 exigere
1012 2097 1457 2181 videbatur
1473 2159 1496 2201 ‚
1560 2097 1794 2205 cujus
1830 2100 2149 2209 culpam
2200 2101 2291 2185 in
2331 2100 2825 2190 monachum·
2854 2106 2935 2188 ei
2977 2103 3382 2189 adhaeren-

476 2239 649 2309 tem
667 2232 1136 2337 praeprimis
1165 2247 1779 2320 ‘converterunt
1906 2234 2154 2319 More
2182 2228 2439 2343 prifio
2492 2251 2899 2345 receptum
2923 2231 3248 2341 suerat,
3279 2243 3381 2312 ut

466 2355 930 2466 mensuram
989 2362 1263 2471 Spann
1321 2365 1604 2473 butyri
1660 2391 1767 2449 ex
1810 2361 2022 2450 labie
2063 2364 2389 2477 viginti
2441 2347 2877 2449 vaccaru'm
2936 2359 3241 2477 singuli
3285 2359 3379 2440 in

427 2501 438 2511 ‘
472 2495 871 2581 Katanefia
903 2500 1186 2606 coloni,
1224 2508 1369 2615 qvi
1387 2505 1664 2614 plures
1695 2509 2128 2611 habebant,
2151 2505 2366 2618 plus,
2390 2506 2532 2614 qvi
2564 2528 2756 2588 vero
2778 2503 3202 2611 pauciores
3223 2496 3374 2581 mi·
3429 2565 3439 2578 .

467 2661 628 2720 nus
650 2643 680 2738 ‚‘
706 2634 811 2724 ἔθ’
838 2639 1116 2747 qvivis
1167 2667 1271 2724 ex
1294 2665 1522 2751 aeqva
1562 2643 2109 2752 proportione,
2174 2640 2513 2751 episcopo
2523 2634 2947 2748 solverent
2963 2667 2996 2747 ,·
3036 2636 3377 2749 ‘Episco-

427 2763 615 2883 'pus
662 2790 946 2858 autem
999 2772 1377 2859 Adamas
1426 2779 1904 2863 nominibus
1959 2778 2372 2887 imponere
2430 2771 2696 2858 voluit
2742 2770 2846 2861 θ’
2895 2800 3001 2858 ex
3044 2771 3379 2882 winde»

463 2907 631 2990 cim
689 2902 1160 3012 mensnram
1237 2904 1515 3016 Spann
1604 2913 1889 3023 exegit
1922 2970 1947 3011 ‚
2044 2932 2225 3018 qvae
2313 2929 2495 3026 curn
2543 2904 3128 3012 expenderetur
3146 2965 3170 3006 ‚
3265 2930 3373 2988 ex

423 3036 889 3154 duodecem
963 3034 1380 3148 poposeit5
1478 3031 1658 3127 hac'
1730 3045 1992 3128 etiam
2092 3034 2439 3144 conceffiz
2457 3096 2479 3137 ‚
2575 3061 2681 3119 ex
2763 3037 3032 3121 decem
3106 3036 3366 3146 petiit

460 3191 751 3250 verum
825 3192 1010 3249 cum
1088 3170 1474 3256 omnibus
1559 3173 1922 3283 exemplo
2014 3173 2291 3256 carere
2373 3165 2800 3251 videretur
2835 3227 2860 3268 ,
2948 3161 3376 3251 Katnesen·

463 3288 584 3377 ses
660 3300 1043 3384 comitem
1117 3297 1179 3409 J
1181 3326 1430 3386 onam
1503 3321 2055 3391 convenerunt
2132 3304 2366 3413 eiqve
2444 3298 2692 3411 qvesti
2750 3297 2952 3409 fiant
2971 3366 2993 3407 ,
3053 3309 3205 3417 qvi
3266 3308 3365 3393 de

465 3434 600 3519 his
680 3421 899 3519 nihil
971 3443 1064 3523 in
1143 3445 1506 3529 medinm
1542 3433 1647 3555 st
1711 3442 2260 3554 consulturum
2289 3502 2313 3543 ‚
2390 3464 2549 3527 non
2614 3435 2911 3524 multis
2973 3441 3193 3527 circa
3274 3468 3374 3528 ea

462 3577 688 3660 curis
732 3594 947 3684 opus,
1004 3582 1211 3666 duas
1243 3583 1542 3693 instare
1575 3585 2083 3668 conditiones
2122 3576 2395 3662 malas
2409 3636 2437 3677 ,
2496 3599 2847 3684 qvarun}
2894 3572 3379 3684 praesentem

463 3735 626 3794 non
689 3708 1240 3818 tolerandam,
1274 3713 1379 3826 fi
1410 3743 1602 3803 vero
1638 3717 2000 3804 alteram
2045 3716 2502 3799 tacituram
2519 3769 2544 3810 ‚
2605 3704 3031 3816 respondit.
3158 3707 3371 3793 Erat

461 3860 662 3928 tunc
723 3838 1131 3958 episcopus}
1188 3846 1567 3934 Adamus
1650 3854 1872 3962 apud
1924 3848 2436 3961 primarium
2521 3848 2613 3929 in
2676 3842 3098 3930 Thorsdal
3175 3864 3377 3932 tem·
3444 3833 3449 3840 ’

411 3981 687 4091 ,plum
726 4038 748 4077 ‚
809 4002 1095 4061 verum
1162 3982 1448 4068 Comes
1510 3983 1774 4097 Jonas
1835 3989 2027 4074 inde
2091 4011 2250 4072 non
2305 3978 2594 4091 procul
2602 4009 2636 4087 ,·
2708 3977 3217 4067 Katnesenses
3279 3989 3373 4071 in

461 4134 740 4206 monte
780 4115 949 4224 fito
1003 4118 1118 4203 ad
1146 4124 1577 4229 praedium‚
1643 4126 1735 4209 in
1782 4150 1937 4236 qvo
1989 4116 2424 4235 episcopus}
2478 4132 2963 4201 conventum
2998 4118 3373 4210 habuere·

339 4329 346 4336 .
465 4248 678 4333 Rakn
707 4244 1064 4359 —legifer
1143 4254 1364 4360 apud
1447 4255 1885 4365 epifimpum
1946 4271 2364 4350 moratus,
2448 4245 2711 4359 ipfitm
2791 4267 2891 4334 ut
2956 4254 3377 4369 indigenis

459 4390 841 4488 parceret
861 4435 882 4475 ‚
932 4373 1153 4460 alias
1214 4380 1310 4464 de
1373 4383 1613 4467 exitu
1646 4379 1754 4489 se
1807 4380 2245 4490 fhllicitum
2309 4376 2675 4487 afferens,
2738 4383 3073 4492 rogavit
3086 4411 3121 4491 ;
3186 4384 3378 4493 Epi·

438 4515 760 4629 scopus,
775 4535 964 4595 eum
985 4527 1084 4595 ut
1107 4513 1459 4632 leuetur,
1489 4535 1737 4633 rogat
1743 4520 2396 4632 praedivinatqve
2415 4515 2724 4606 incolas
2724 4511 3026 4629 sponte
3042 4532 3370 4635 pacari3

3140 4660 3364 4753 Hinc
