4100 5284
1152 379 1708 476 mosoma
1783 379 2655 480 oRcADENSIUM.
3162 315 3371 478 '2'01'

409 640 680 727 fariis
712 634 988 721 tribus
1009 630 1383 744 instructi
1412 648 1683 719 erant.
1774 633 2007 721 Dum
2038 650 2381 723 ventum
2403 630 2841 743 fi’cundum
2857 625 3171 718 Hernis
3210 659 3343 719 ex·
3386 630 3469 701 A.
3516 631 3604 704 D·

389 770 898 884 Jpediarent‚
940 764 1281 854 advecta
1324 768 1573 866 navis
1595 792 1703 853 ex
1737 769 2145 867 occidente
2176 770 2619 856 nuntiavit
2676 751 2976 853 illis-'ex'
3008 764 3337 852 Oreadi-
3383 749 3424 822 1
3445 747 3623 845 137

413 903 575 989 bus
637 927 853 991 nova
914 904 1011 989 de
1075 917 1480 1014 apparatu
1543 898 1904 990 Comitis
1962 900 2215 1012 Pauli,
2250 902 2339 1016 fi
2382 896 2942 1016 Rfignvalldus
2992 903 3343 992 occiden-

419 1054 600 1132 tem.
641 1033 921 1150 versus
959 1039 1145 1125 iHuc
1192 1036 1549 1125 veniret·

1283 1276 2009 1416 Confilinm
2109 1277 2477 1421 K01i;

411 1453 812 1659 Comes
869 1561 1438 1677 Rfignvalldus
1454 1631 1477 1674 ‚
1560 1595 1747 1657 cum
1785 1643 1790 1650 .
1824 1568 2138 1655 Hernis
2209 1586 2773 1675 morarentur,
2851 1586 3347 1660 conventum

414 1702 710 1790 habuit
740 1702 1281 1816 domesticum,
1343 1700 1451 1792 ΕΞ*
1478 1720 1662 1790 tum
1692 1706 1789 1791 de
1822 1721 2232 1816 apparatu
2273 1704 2639 1790 Comitis
2682 1704 2961 1809 Pauli,
3025 1732 3168 1790 nec
3181 1730 3345 1791 non

410 1853 812 1948 quantam
861 1831 1355 1923 Orcadenses
1384 1837 1539 1947 ipsi
1579 1838 2116 1947 hostilitatem
2162 1834 2551 1948 adversus
2575 1835 2662 1949 le
2699 1853 3169 1923 exercerent
3187 1898 3211 1940 ‚
3231 1836 3341 1923 ab

414 1970 902 2064 haereditate
942 1997 999 2057 a
1052 1974 1433 2087 cognatis
1473 1968 1766 2057 relic‘la
1781 2033 1804 2075 ,
1868 1997 2120 2081 qvam
2182 1969 2447 2085 Reges
2513 1970 2977 2081 Norvegiae
3026 1968 3178 2080 ipsi
3195 1967 3340 2077 ju·

397 2105 528 2217 sto
579 2107 783 2214 jure
825 2089 1370 2210 domuerant,
1421 2101 1510 2214 β
1567 2100 2019 2214 exclusuri,
2054 2101 2534 2215 sermonem
2570 2102 2996 2220 prolixum
3041 2098 3343 2212 diserte

389 2238 766 2351 protulit
782 2302 807 2346 ‚
885 2241 1075 2326 inde
1126 2240 1341 2325 Osca
1349 2237 1491 2323 des
1508 2301 1532 2344 ‚
1601 2241 1931 2329 easdem
1995 2240 2471 2344 obtinendi,
2512 2238 2655 2350 fin
2702 2238 2831 2324 mi
2829 2263 2988 2322 nus
3038 2262 3340 2324 occum-

407 2374 656 2460 bendi
675 2436 700 2480 ,
755 2377 1044 2460 animo
1061 2437 1086 2481 ,
1138 2378 1584 2484 petiturus·
1713 2375 2017 2462 Omnes
2058 2400 2248 2461 eum
2312 2373 2509 2460 laeta
2557 2372 3189 2487 acclamationes
3209 2396 3343 2457 ex·

410 2510 737 2618 cipiunt
753 2570 778 2613 ‚
820 2495 1048 2619 fidos
1089 2508 1243 2618 ipfi
1279 2511 1627 2595 comites
1647 2504 1753 2619 fi’
1774 2507 1973 2617 fore
2009 2509 2621 2620 promittentes.
2751 2505 3121 2623 Surgens
3145 2523 3344 2592 tunc

407 2638 667 2730 Kolus
712 2643 808 2727 in
842 2641 1065 2727 talia
1111 2646 1580 2754 prorumpit
1591 2673 1629 2753 ,-
1715 2644 2256 2749 Audivimus,
2321 2642 2600 2754 inqvit
2620 2703 2644 2746 ‚
2707 2667 2816 2728 ex
2881 2638 3344 2725 orcadibus

406 2776 643 2889 qvod
665 2800 938 2861 omnes
985 2774 1295 2860 ibidem
1322 2792 1614 2862 contra
1656 2793 1743 2863 te
1779 2774 2205 2889 insurgere
2252 2773 2359 2865 ὅθ’
2393 2801 2741 2892 regnum
2771 2774 2941 2859 tibi
2968 2775 3340 2860 debitum

413 2934 604 2996 cum
678 2908 997 2995 Comite
1067 2903 1319 3024 Paulo
1382 2908 1875 3012 defendendo
1935 2913 2299 2998 retinere
2355 2910 2641 2997 velint.
2772 2906 3341 3016 Hostilitatem

411 3067 664 3155 qvam
704 3057 996 3127 contra
1033 3057 1122 3125 te
1141 3102 1165 3145 ‚
1227 3057 1574 3155 cognate
1587 3104 1611 3146 ‚
1645 3044 2138 3129 inchoarunt
2159 3040 2336 3153 fero
2365 3041 2688 3152 mtffam
2698 3039 2991 3150 facere
3020 3040 3338 3133 volunt.

414 3175 670 3265 Nunc
697 3170 1152 3282 consultum
1191 3173 1303 3283 cst
1349 3173 1527 3260 illic
1540 3237 1564 3279 ‚
1626 3176 1773 3261 ubi
1811 3177 2220 3281 abundat,
2284 3194 2508 3287 opem
2567 3199 2929 3287 qvaerere
2942 3237 2965 3278 ,
3025 3189 3127 3259 ut
3176 3172 3342 3285 ilie,

413 3310 653 3417 cujus
666 3308 868 3417 jure
915 3305 1024 3417 est
1039 3369 1062 3410 ,
1127 3333 1478 3421 regnum
1507 3310 1678 3396 tibi
1702 3312 2086 3398 concedat
2102 3374 2126 3416 ‚
2162 3309 2299 3422 'est
2331 3325 2613 3396 autem
2634 3308 2912 3415 frater
2938 3325 3141 3396 tuus
3167 3334 3338 3394 ma·

416 3461 705 3529 ternus
721 3436 1076 3548 sanstus
1104 3440 1395 3529 Comes
1448 3443 1866 3555 Magnus;
1930 3444 2117 3532 volo
2160 3462 2450 3533 votum
2494 3447 2576 3532 ei
2581 3440 2871 3554 facias
2884 3507 2907 3549 ,
2970 3471 3125 3556 qvo
3168 3469 3341 3528 ma·

411 3579 563 3693 gis
591 3574 1161 3659 haereditatem
1190 3600 1245 3658 a
1269 3579 1653 3690 cognatis
1683 3576 1787 3667 ἔθ’
1798 3563 1905 3687 st’
1934 3575 2317 3664 relifi‘am
2343 3575 2513 3664 tibi
2553 3581 2966 3681 concedat,
3029 3595 3117 3664 te
3132 3584 3350 3673 nemi¹

407 3730 515 3823 pe
551 3705 1397 3818 templum'lapideum
1436 3710 1532 3794 in
1589 3708 2052 3796 Oreadibus
2102 3707 2634 3821 Kirkiuvog1‚
2711 3739 2865 3823 qvo
2907 3710 3202 3817 nonsit
3250 3708 3348 3790 in

418 3844 574 3955 ilia
614 3843 943 3954 regione
985 3837 1420 3951 praetiosus
1485 3843 1756 3947 aliud,
1814 3843 1889 3952 [i
1935 3870 2191 3960 regno
2240 3845 2546 3931 ibidem
2569 3837 2970 3955 potiaris,
3032 3837 3350 3950 exstrui

433 3992 921 4065 curaturum
985 3969 1089 4063 ἔθ’
1139 3992 1491 4090 cognato
1538 3993 1686 4062 tuo
1738 3979 2031 4064 comiti
2069 3977 2395 4090 Magno
2404 3975 2737 4085 sacrum
2754 4040 2776 4081 ‚
2830 3974 3204 4087 pecuniis
3229 3975 3347 4058 di·

417 4129 810 4204 tatarum
824 4168 848 4209 ‚
913 4109 1041 4192 ita
1073 4123 1172 4193 ut
1219 4111 1596 4219 oppidum
1648 4108 1861 4221 istud
1887 4111 2254 4223 stabiliri
2295 4127 2542 4222 qveat
2560 4171 2581 4214 ,
2642 4107 2747 4198 θ’
2791 4112 2827 4194 i
2819 4108 3042 4218 pfius
3050 4105 3339 4219 fficra·

287 4235 294 4236 f
419 4251 648 4334 rium
664 4306 688 4348 ‚
747 4265 1102 4334 unacum
1142 4237 1326 4349 sede
1388 4239 1810 4354 epistopali
1824 4306 1849 4349 ‚
1920 4249 2198 4332 eodem
2240 4245 2822 4357 transportari.
2950 4241 3124 4331 Hoc
3162 4225 3343 4328 conss

397 4380 696 4492 filium
757 4374 1139 4465 omnibus
1175 4370 1550 4488 salubre
1581 4375 1849 4488 vffum
1888 4396 2046 4488 pro
2092 4378 2331 4494 stato,
2364 4378 2847 4494 habebatur.
2976 4373 3153 4493 qui
3189 4374 3352 4464 haec

1887 4508 1965 4599 C
1997 4534 2047 4597 c
2802 4556 2809 4562 ·
2975 4507 3349 4628 solvunt,
