4100 5284
906 467 911 472 ,
1021 358 1563 451 HISTORIA
1623 355 2501 450 oRcADENsmM
3087 368 3215 476 83

316 610 586 698 Comes
599 604 1278 721 qvidnamstcum
1290 609 1612 723 negotii
1624 602 2486 717 baberetstfiitatur?
2503 605 2620 692 ad
2626 607 2844 717 qvod
2853 608 2985 695 iue
3004 603 3216 719 5Jci-
3253 611 3337 680 A.
3362 615 3463 684 D..

319 739 423 847 re,
446 752 598 848 ait,
622 745 852 854 cupio
882 746 1042 852 qvo
1066 744 1363 828 ccedem
1382 739 1691 847 fratris
1717 742 1928 845 mei,
1992 744 2217 827 inter
2247 739 2604 828 aliorum
2627 740 2883 857 Regis
2907 741 3214 855 Magni
3257 725 3504 821 ²047

293 872 774 989 satellitum,
803 903 1114 982 necem,
1145 879 1209 964 d
1225 892 1313 963 te
1342 875 1835 962 occidentem
1856 869 2141 984 versus
2161 871 2559 964 Kirkiuvo
2566 876 2650 987 gi
2675 894 3222 987 procuratam:

317 1009 897 1123 recompensare
932 1011 1166 1099 velis.
1267 1012 1566 1098 Nonne
1588 1007 1919 1120 audiisti
1935 1071 1958 1113 ‚
1989 1010 2311 1123 regerit
2335 1008 2660 1116 Comes,
2696 1013 2922 1122 qvod
2935 1038 3228 1100 eorum

314 1148 551 1230 caedes
565 1207 589 1250 ‚
651 1171 1001 1257 qvarum
1043 1162 1295 1233 autor
1294 1140 1532 1257 stem,
1578 1144 1933 1255 pecunia
1959 1144 2329 1254 pendere·
2368 1170 2526 1231 non
2525 1142 2852 1256 solitus,-
2858 1145 3026 1254 sim
3041 1208 3062 1250 ‚
3095 1148 3219 1233 id·

318 1305 454 1390 qve
498 1282 691 1366 inde
745 1275 961 1389 fluit
977 1340 1000 1382 ‚
1064 1281 1280 1390 qvod
1329 1277 1620 1388 cataste,
1654 1302 1832 1367 ‚cur
1865 1279 2468 1382 occiderentur,
2525 1277 2752 1366 mihi.
2776 1276 3224 1394 saepiffime

313 1410 666 1522 extitiſje
696 1407 890 1524 insae
898 1411 1107 1520 sint.
1232 1411 1558 1516 Nihili,
1600 1408 2026 1524 respondet
2069 1410 2222 1497 ille
2236 1473 2272 1515 ‚1
2323 1411 2547 1501 mihi·
2598 1413 2935 1525 interest
2982 1439 3220 1525 qvor··

284 1542 471 1654 stam
502 1573 690 1632 cum
713 1545 915 1633 aliis
939 1548 1219 1659 egeris
1232 1607 1256 1651 ,
1289 1547 1527 1634 modo
1546 1564 1703 1658 pro
1732 1543 1994 1651 hacce,
2021 1543 2264 1649 cujus
2295 1547 2549 1632 caedes
2576 1545 2800 1634 mihi
2814 1547 3018 1657 jure
3025 1553 3218 1658 per&

288 1675 695 1791 fieqvenda
710 1743 734 1784 ‚
794 1677 1190 1765 muletam
1238 1675 1678 1792 persolvas.
1804 1673 1977 1789 Ipse
2020 1679 2292 1767 etiam
2334 1677 2858 1791 aliqvantam
2905 1681 3222 1768 ibidem

304 1818 730 1925 pectmiam
751 1814 1120 1925 perdidi,
1149 1812 1716 1924 contumeliose
1750 1809 2101 1924 affeilus
2116 1841 2162 1920 ,-
2203 1814 2590 1924 pertinet
2609 1841 2922 1934 qvoqve
2941 1815 3058 1904 ad
3082 1838 3226 1902 me

304 1945 795 2058 potiffimum
833 1944 1224 2056 fraterni
1283 1950 1605 2061 meiqve
1651 1947 1897 2057 juris
1942 1943 2450 2058 persecutio,¹
2514 1949 2740 2033 unde·
2775 1939 3220 2034 'decentem

313 2078 695 2167 naclilam
737 2078 1056 2193 exposco
1070 2144 1094 2185 ‚
1169 2081 1260 2166 in
1308 2081 1567 2195 Regis
1609 2098 1895 2168 autem
1937 2077 2109 2192 stat
2149 2078 2546 2190 potestate
2581 2076 2994 2191 maleficia
3035 2107 3221 2168 con-

312 2229 440 2300 tra
483 2212 744 2327 ipsum
769 2231 1126 2326 patrata
1186 2218 1635 2303 condonare
1652 2278 1678 2321 ,
1741 2215 1835 2327 fi
1868 2216 2023 2328 ipsi
2062 2212 2320 2302 nihili
2379 2211 2764 2323 intereffit
2813 2215 3221 2301 videatur

287 2343 689 2460 satellites
739 2347 1065 2437 eduilos
1082 2412 1107 2454 ‚
1166 2352 1448 2439 ovium
1486 2350 1744 2462 instar
1772 2349 2001 2440 caedi.
2192 2348 2346 2438 Ad
2362 2347 2535 2436 haec
2560 2346 2894 2456 Comes,
2946 2349 3220 2456 video,

310 2485 618 2595 inqvit‚
665 2482 881 2571 mihi
935 2482 1109 2570 heic
1172 2482 1711 2595 profuturum
1761 2487 1979 2597 qvod
2015 2487 2110 2576 in
2159 2501 2317 2574 tua
2363 2511 2529 2578 non
2558 2484 2735 2594 fim
2767 2481 3158 2597 potestate
3170 2512 3217 2596 ,t

311 2642 559 2705 nonne
606 2620 825 2732 idem
855 2646 942 2705 es
973 2646 1209 2731 qvem
1244 2619 1370 2706 ibi
1395 2619 1886 2737 incolumem
1932 2621 2520 2712 dimittebam?
2575 2619 3014 2732 Eqvidem·‚
3077 2621 3221 2707 ait·

316 2752 430 2844 isse
444 2814 469 2856 ,
530 2779 825 2838 verum
862 2780 995 2839 me
1038 2756 1175 2839 uti
1198 2753 1438 2852 'alios
1461 2756 1631 2842 tibi
1671 2757 2086 2844 occidendi
2130 2772 2318 2846 erat
2360 2752 2726 2868 potestas.
2854 2752 2939 2842 A
2943 2757 3004 2840 d
3039 2775 3226 2866 qvae

313 2884 591 2973 Comes
608 2949 630 2991 ,
656 2913 952 2974 verum
1000 2887 1143 3000 effe
1164 2889 1690 3000 proverbium
1722 2889 2022 2976 multis
2070 2891 2390 2978 evinire
2440 2890 2659 2997 qvod
2683 2889 3028 2973 minime
3048 2884 3218 2997 spe·

312 3036 502 3105 rant
515 3080 543 3123 ,
607 3038 804 3107 tunc
832 3028 1055 3108 enim
1072 3086 1095 3127 ‚
1159 3025 1437 3134 inqvit
1451 3084 1474 3125 ,
1507 3049 1640 3107 me
1672 3018 2049 3130 nuspiam
2070 3048 2162 3109 eo
2184 3021 2470 3107 venire
2499 3022 3042 3108 autumabam
3065 3023 3218 3106 ubi

312 3177 504 3266 erga
548 3155 928 3244 inimicos
969 3159 1227 3244 nimis
1267 3170 1661 3267 pacatum
1680 3151 1943 3264 fuiffl’
1983 3153 2206 3240 mihi
2245 3167 2570 3238 noceret
2583 3211 2607 3258 ‚
2668 3176 2883 3237 nunc
2925 3168 3213 3242 autem

311 3285 394 3368 in
436 3286 754 3373 malum
795 3288 1007 3378 mihi
1057 3292 1429 3377 vertitur
1466 3288 1636 3374 tibi
1674 3306 1965 3399 pacem
2008 3285 2447 3398 concesfiffi
2466 3349 2489 3393 ‚
2554 3313 2753 3373 nam
2775 3286 2865 3397 si
2889 3304 2974 3374 te
2991 3349 3014 3392 ,
3074 3288 3215 3378 uti

312 3419 519 3506 alios
566 3437 751 3507 tuos
807 3421 1461 3528 contubernales,
1528 3421 1972 3533 occidiffem
1987 3486 2010 3527 ,
2074 3449 2206 3512 me
2259 3449 2420 3511 non
2482 3450 2756 3514 coram
2797 3423 3216 3537 magnati·

312 3554 454 3639 bus
477 3554 717 3641 hodie
765 3554 1335 3644 calumniares.
1468 3558 1878 3643 Caeterum
1922 3557 2105 3644 Rex
2142 3560 2233 3642 in
2270 3557 2680 3644 Comitem
2726 3556 2994 3646 oculos
3035 3575 3213 3641 con·

312 3705 642 3773 vertens
640 3685 1079 3799 stqventia
1093 3687 1402 3799 fatur5
1455 3691 1745 3800 prodis
1776 3688 2034 3775 adhuc
2056 3689 2345 3777 Comes
2362 3686 2827 3776 Thorfinne
2842 3706 2927 3776 te
2952 3689 3211 3782 nimis

302 3837 600 3930 paucos
636 3846 680 3906 e
734 3824 945 3908 meis
966 3820 1469 3932 fitteHitibus
1492 3885 1515 3928 ,
1571 3849 1915 3935 qvorum
1956 3824 2211 3950 caecles
2257 3807 2419 3912 non
2448 3822 2555 3935 est
2597 3838 2988 3933 reparata
3002 3884 3024 3927 ,
3065 3823 3213 3910 ,in-

315 3953 730 4065 terfeciffe.
856 3958 1078 4071 Rege
1107 3957 1453 4044 interim
1479 3956 1933 4071 stmgvineo
1957 3955 2293 4067 prorstes
2328 3958 2619 4050 rubore
2642 3951 2964 4066 perfuso
2980 4018 3002 4061 ,
3069 3956 3215 4045 Co·

314 4111 479 4172 mes
494 4105 819 4198 repente
822 4086 1121 4205 surgit
1138 4087 1242 4179 ἅθ’
1267 4092 1761 4207 ἀερηιζβεςα
1779 4092 2070 4204 puppis
2086 4090 2177 4178 in
2193 4115 2493 4176 navem
2489 4086 2746 4198 suam
2766 4087 3214 4202 transscen-

318 4220 475 4321 dit,
535 4218 845 4332 vesperi
901 4228 1280 4314 omnibus
1338 4228 1666 4337 qvietis.
1805 4227 2141 4324 Verum,
2157 4220 2657 4332 inseqventis
2715 4227 2885 4311 diei
2931 4253 3214 4332 mane,

316 4353 453 4437 ubi
473 4356 1031 4470 expergefacti
1067 4375 1310 4446 erant
1323 4421 1347 4465 ,
1408 4385 1619 4445 aura
1627 4355 1910 4472 flante
1911 4354 2280 4465 secunda
2305 4361 2605 4468 eportu
2636 4357 3214 4471 consestimsbl·

316 4486 653 4599 vebant3
724 4490 905 4580 Rex
947 4493 1313 4607 austrum
1343 4490 1619 4602 verfits
1664 4494 1757 4578 in
1789 4515 2025 4577 mare
2072 4490 2137 4604 J
2139 4493 2320 4579 utiae
2351 4520 2536 4581 cum
2567 4490 2948 4606 universa
2983 4492 3219 4602 claffit

1759 4622 1841 4711 L
1872 4615 1893 4624 ⁴
1909 4642 1962 4709 2
2979 4626 3217 4711 navi·
