4100 5284
1126 415 1664 552 HmoRIA
1730 375 2637 511 oRcADENsmM'
3118 439 3313 532 ‘219

401 666 611 754 bant
642 661 747 778 Je
807 680 1303 755 mercatores
1363 665 1696 780 alloqvi.
1825 667 2115 755 Comes
2161 695 2354 758 vero
2406 664 2699 755 Paulus
2762 669 2986 779 apud
3038 664 3122 754 Si
3127 693 3315 780 gur·
3365 672 3446 738 A·
3475 649 3569 746 D'.

405 797 611 885 dum
673 798 1024 885 Vestnesi
1086 804 1589 911 praecedente
1669 801 1898 889 nocte
1976 792 2349 890 convivio
2432 798 2944 911 interfuerat
2957 833 2993 913 ,-
3075 829 3316 892 mane
3363 787 3463 858 ¹¹
3484 782 3601 879 37

387 925 878 1045 surrexerat
926 934 1032 1024 &³
1067 961 1252 1020 cum
1283 937 1607 1049 viginti
1627 933 1968 1045 suorum
2018 938 2114 1021 in
2158 934 2443 1046 insulae
2463 952 2796 1048 partem
2843 937 3320 1046 australem,

401 1068 678 1154 lutras
717 1071 1181 1179 interrupes
1196 1130 1219 1171 ,
1245 1066 1416 1174 sub
1453 1075 1462 1080 '
1464 1072 2022 1180 promontorii
2072 1072 2496 1156 radicibus
2510 1134 2533 1176 ,
2576 1087 2977 1157 venatum
3017 1073 3322 1178 iverat,

283 1289 292 1294 .
401 1203 596 1288 inde
629 1204 744 1288 ad
761 1205 1323 1313 prandendum
1355 1205 1686 1291 domum
1708 1202 2181 1315 reverfiaerus
2192 1234 2227 1313 ;
2279 1208 2370 1289 in
2401 1230 2613 1291 nave
2645 1206 3029 1291 oneraria
3044 1222 3322 1294 nautae

402 1333 762 1446 insulam
822 1338 1470 1449 adnavigantes,
1532 1364 1748 1425 nova
1811 1336 1916 1428 δ’
1962 1340 2112 1424 ubi
2163 1339 2451 1426 Comes
2514 1338 2741 1450 effet,
2803 1341 3273 1450 qvaerebant
3285 1370 3323 1448 ,η
3470 1354 3475 1358 ’

399 1468 1029 1582 respondebatur
1070 1497 1258 1557 eum
1310 1472 1406 1557 in
1467 1472 1808 1583 rupibus
1849 1471 2110 1584 adeste
2121 1502 2157 1582 ;
2226 1476 2471 1559 audit
2532 1473 2697 1560 haec
2740 1500 2925 1560 cum
2943 1470 3144 1587 suis
3156 1470 3325 1586 sub
3449 1529 3457 1534 -

403 1606 795 1692 coriaceis
834 1606 1176 1712 Sveinn,
1236 1605 1622 1717 jubetqve
1682 1624 1785 1692 ut
1826 1638 1918 1704 eo
1965 1605 2162 1712 loci,
2224 1608 2374 1692 ubi
2420 1607 2652 1695 collis
2694 1609 2993 1694 umbra
3056 1636 3109 1696 a
3141 1628 3324 1722 pro·

401 1743 815 1829 montorio
882 1738 1379 1853 conspectum
1431 1743 1937 1853 prohiberet,
2003 1769 2300 1829 navem
2366 1741 2665 1851 appelli
2678 1771 2711 1852 ,-
2779 1740 2884 1830 θ’
2914 1741 3123 1851 suos
3140 1807 3162 1848 ,
3226 1762 3329 1833 ut

392 1874 687 1985 statim
733 1876 1018 1964 obvios
1038 1876 1397 1963 Comitis
1430 1876 1808 1980 subditos
1863 1877 2186 1961 armati
2246 1876 2682 1961 occideret:
2740 1877 3060 1960 dabant
3100 1904 3327 1964 man-

403 2011 605 2097 dato
658 2009 962 2117 locum,
1026 2009 1571 2125 undeviginte
1633 2012 1856 2097 enim
1920 2010 2231 2097 ibidem
2287 2010 2804 2111 occiderunt,
2867 2008 3329 2119 Sveinesex

406 2145 958 2256 defiderante5
1027 2144 1460 2250 Comiten‘t·
1483 2143 1819 2230 Paulum
1840 2207 1863 2249 ,
1925 2146 2020 2233 vi
2057 2162 2389 2256 captum
2412 2206 2437 2251 ,
2497 2144 2591 2228 in
2651 2168 2948 2229 navem
2984 2145 3329 2232 deduxe-

408 2307 539 2386 re,
601 2276 704 2367 ἔθ’
760 2296 1011 2391 prora
1033 2282 1166 2365 -in
1228 2281 1503 2366 altum
1567 2276 1946 2392 conversa
1962 2344 1984 2383 ,
2048 2280 2396 2365 eundem
2460 2280 2806 2365 itineris
2867 2277 3184 2389 cursum
3222 2281 3329 2367 ab

409 2416 816 2504 occidente
865 2408 1259 2518 R'oifsoae,
1323 2417 1431 2501 ab
1493 2412 1742 2526 Hziey
1805 2411 1911 2502 ἔθ’
1975 2413 2368 2525 Grimsey
2405 2440 2567 2500 uno
2628 2412 3029 2518 milliari,
3085 2410 3189 2502 ὅθ’
3210 2416 3334 2501 de·

411 2550 608 2635 inde
689 2549 795 2634 ab
878 2550 1196 2635 oriente
1277 2547 1530 2661 Svelg
1555 2613 1579 2656 ,
1659 2552 2219 2662 repetierunt3
2316 2550 2506 2637 inde
2595 2565 2746 2661 per
2839 2545 3338 2638 Breidafiord

407 2675 1043 2770 Echialsbekum
1109 2693 1557 2795 venerunt3
1651 2683 1781 2769 hic
1857 2669 2300 2800 navigium
2377 2710 2561 2772 cum
2623 2684 2947 2797 viginti
2979 2681 3337 2796 ficorum

406 2819 813 2929 relinqvit
905 2815 1213 2903 Svein'n
1242 2878 1265 2922 ,
1361 2816 1663 2930 reliqvi
1751 2835 2038 2906 autem
2068 2881 2091 2922 ,
2189 2822 2435 2906 donec
2513 2812 2874 2926 Atjoklis
2951 2819 3335 2904 comitem

409 2948 934 3039 Maddadurn
994 2950 1097 3041 ἔθ’
1130 2952 1696 3062 Margaretam
1741 2955 2078 3038 comitis
2119 2951 2344 3037 Pauli
2378 2950 2740 3062 fhrorem
2777 2948 3335 3054 convenirent,

399 3105 773 3201 pergunt
791 3151 814 3192 ,
878 3084 981 3175 Εἴ
1054 3087 1404 3199 benigne
1462 3085 1771 3171 ibidem
1852 3088 2431 3196 excipiuntur5
2514 3088 2801 3172 Comes
2868 3081 3342 3169 Maddadus

416 3222 824 3309 Comitem
885 3217 1225 3306 Paulum
1294 3222 1389 3305 in
1422 3216 1648 3332 solio
1692 3215 1857 3331 fito
1902 3215 2260 3328 lcollocat
2272 3249 2308 3329 ,-
2397 3217 2698 3307 Verum
2756 3246 2944 3306 cum
3004 3219 3341 3328 confide·

414 3372 609 3441 rent
628 3418 651 3460 ,
723 3382 1026 3471 magno
1103 3381 1287 3441 cum
1344 3342 1897 3464 faeminarmu
1968 3357 2377 3442 comitatu
2443 3355 2794 3471 ingreffit
2870 3355 3349 3468 Margareta

415 3491 537 3574 ad
587 3486 952 3596 fratrem
989 3489 1249 3599 suum
1281 3487 1387 3600 se
1447 3493 1775 3602 recipit.
1903 3490 2173 3601 Postea
2233 3490 2607 3579 ludiones
2670 3495 2762 3576 in
2826 3519 3105 3579 eorum
3144 3489 3345 3575 deli-

418 3628 600 3710 cias
656 3626 1222 3736 acqviruntur.
1351 3626 1640 3712 Comes
1679 3620 1971 3709 Paulus
2001 3627 2524 3710 taciturnum
2547 3622 2648 3735 Je
2678 3624 3093 3728 exhibuit,
3137 3624 3354 3734 qvod

420 3785 585 3846 non
643 3759 953 3844 mirum
1002 3776 1492 3872 magnopere
1554 3787 1742 3845 eum
1790 3760 2147 3845 aux-ium
2184 3759 2357 3870 effe.
2555 3759 2942 3874 Comitis·
2974 3753 3191 3841 Pauli
3243 3751 3349 3843 ΕΞ*

419 3891 742 3978 Sveinis
786 3891 1040 3976 verba
1062 3953 1086 3996 ,
1121 3919 1297 4003 qvae
1336 3895 1693 3979 invicem
1748 3919 1916 3978 una
1968 3910 2258 3979 euntes
2311 3888 2832 4005 conserebant
2847 3955 2869 3996 ,
2933 3891 3355 3976 memoriae

409 4026 750 4138 prodita
789 4051 948 4112 non
980 4026 1359 4133 existunt.
1465 4028 1755 4114 Comes
1783 4023 2275 4132 MaddaduS,
2307 4027 2735 4136 Margreta
2767 4042 3013 4136 atqve
3040 4022 3353 4111 Sveinn

423 4155 757 4246 Asleifae
809 4156 1161 4271 seorsum
1224 4159 1886 4272 colloqvebantur
1894 4191 1929 4272 ,·
2019 4157 2345 4272 Vesperi
2405 4187 2598 4247 vero
2647 4159 3067 4271 postqvam
3120 4179 3349 4273 potaa

287 4299 302 4308 ’
422 4311 736 4381 verant
755 4356 780 4396 ,
842 4292 1189 4399 Sveinn,
1254 4322 1440 4382 cum
1453 4293 1651 4406 suis
1701 4314 2042 4383 tantum
2058 4357 2081 4401 ,
2147 4299 2241 4381 in
2276 4296 2862 4410 dormitorium
2898 4299 3359 4405 deducitur,

423 4427 548 4541 ast
558 4426 800 4541 fores
820 4433 1117 4538 qvavis
1148 4426 1474 4542 vespera
1506 4433 1702 4519 dum
1734 4433 2043 4521 ibidem
2081 4447 2543 4540 morantur,
2578 4428 3081 4551 obserantur.

1849 4682 1990 4774 Ee
2042 4703 2097 4776 2
3131 4624 3356 4764 De
