4100 5284
1124 361 1661 465 stmRJA
1755 364 2629 461 oRcADENSwM
2908 322 2917 332 ’
3171 347 3379 483 197²

428 607 703 741 cepiffi’
719 672 743 714 ‚
806 636 990 696 cum
1039 612 1255 697 mihi
1276 611 1577 721 statim
1630 613 2098 699 innotuerit
2142 617 2458 724 qvando
2508 614 2949 728 Episcopus
2989 613 3342 701 Wilhial·
3409 620 3491 687 A
3518 623 3608 689 D
3709 678 3723 698 .

428 769 616 828 mus
666 770 852 829 eum
914 746 1006 831 in
1068 741 1479 828 Hebrides
1544 747 1660 830 ad
1713 742 2324 831 Holldbodium
2377 748 2736 853 Hundii‚
2818 754 3038 861 apud
3106 779 3344 865 qvem
3392 738 3430 804 ¹
3457 737 3487 803 ¹
3516 735 3632 828 37

433 878 795 985 hyemem
847 881 1309 996 transegit,
1390 879 1870 964 mittebat
2003 881 2338 999 Qaerit
2387 887 2697 970 iterum
2745 884 3080 971 Comes·
3046 949 3074 994 ,
3146 889 3355 997 qvid

423 1014 703 1126 igitur
742 1011 1086 1124 episcopo
1128 1014 1464 1097 reddam
1480 1075 1505 1119 ,
1556 1015 1700 1122 qvi
1748 1011 1966 1099 talia
1995 1012 2456 1125 facescivit.
2585 1016 3028 1130 Respondet
3060 1017 3339 1105 Thor-

415 1142 574 1228 kell
593 1208 614 1249 ,
677 1173 837 1233 non
880 1146 986 1256 est
1001 1209 1024 1250 ,
1075 1142 1464 1257 praesenti
1509 1164 1857 1260 urgente
1900 1147 2361 1257 neceffitate
2377 1215 2400 1256 ,
2442 1154 3036 1261 vituperandus
3045 1182 3082 1261 ,-
3150 1154 3338 1240 Om-

409 1280 658 1364 nibus
714 1282 891 1364 tuis
937 1283 1235 1364 amicis
1282 1281 1451 1365 tibi
1506 1299 1702 1392 opus
1744 1285 1953 1387 erit,
1991 1285 2083 1392 si
2142 1269 2698 1396 chgnv'alldus
2758 1312 2944 1370 cum
2985 1282 3171 1395 suis
3231 1312 3339 1373 ex

416 1417 741 1499 oriente
788 1415 1094 1500 veniat.
1227 1414 1517 1501 Comes
1551 1412 1771 1500 talia
1818 1443 2019 1504 vera
2084 1419 2231 1528 effi’
2295 1419 2686 1525 affirmat.
2816 1419 3103 1506 Comes
3142 1420 3340 1505 Pau·

409 1541 538 1628 lus
614 1550 802 1631 inde
890 1548 980 1630 in
1057 1544 1451 1658 Rinarsey
1507 1552 1787 1634 tendit
1861 1547 1965 1638 ἔθ’
2031 1553 2094 1636 ά
2143 1569 2413 1637 matre
2460 1547 2844 1651 familias
2900 1553 3181 1665 Ragna
3232 1551 3341 1643 ἔθ’

411 1680 779 1784 ejusdem
838 1675 1033 1789 filio
1077 1678 1553 1774 ,Thorstene
1628 1686 2008 1771 convivio
2063 1687 2474 1793 excipitur
2497 1715 2535 1794 ,·
2634 1687 2923 1795 Ragna
2986 1685 3337 1795 faemina

407 1830 599 1897 erat
630 1815 992 1925 prudens
1003 1846 1036 1923 ;
1104 1815 1375 1900 altera
1438 1817 1557 1899 iis
1610 1816 1701 1898 in
1749 1816 2021 1926 Papey
2063 1820 2484 1905 villicatio.
2675 1818 2811 1903 Ibi
2855 1845 3118 1904 comes
3155 1836 3337 1903 tres

402 1944 680 2033 noae-⁸·
731 1966 1106 2034 moratus
1138 1949 1246 2060 est
1266 2011 1290 2053 ,
1355 1948 1781 2059 tempestas
1829 1950 2049 2033 enim
2094 1977 2281 2034 eum
2312 1954 2428 2036 ad
2458 1949 2821 2060 Kugium
2861 1955 2957 2034 in
2996 1947 3332 2060 Vestrey

392 2078 807 2191 proficisci
845 2109 1008 2169 non
1027 2083 1426 2194 permisit.
1509 2104 1519 2112 ·
1559 2084 1841 2170 Comes
1873 2079 2163 2167 Paulus
2196 2080 2302 2172 ἐν’
2333 2085 2617 2196 Ragna
2648 2082 2920 2168 multa
2965 2089 3333 2194 colloqve·

403 2214 736 2300 bantur.
868 2217 1116 2304 Dicit
1168 2221 1307 2301 illa
1358 2217 1674 2304 Comiti
1694 2278 1718 2320 ,
1785 2219 2082 2304 caedem
2133 2216 2320 2303 Svei
2329 2219 2454 2302 nis
2515 2216 2876 2303 Briostrei
2881 2241 2939 2329 p
2957 2280 2981 2322 ‚
3023 2221 3334 2330 parum

399 2349 928 2456 detrimenti,
988 2353 1371 2463 qvamvis
1411 2353 1553 2437 vir
1572 2351 1848 2461 fortis
1884 2348 2202 2461 futffi’t,
2266 2352 2633 2464 attuliffl’
2648 2413 2672 2456 ,
2736 2377 2934 2438 nam
2959 2413 2984 2456 ,
3030 2354 3334 2464 inqvit,

394 2483 856 2570 multorum
895 2488 1178 2571 odium
1229 2489 1306 2569 ti
1308 2486 1398 2569 bi
1430 2487 1803 2596 paravit.
1934 2485 2131 2581 Erit
2155 2513 2351 2601 ergo
2384 2487 2801 2595 confilium
2829 2512 3102 2572 meum
3121 2548 3145 2590 ‚
3180 2485 3325 2574 hoc

397 2617 573 2701 tibi
626 2619 1110 2705 imminente
1155 2620 1516 2731 periculo
1529 2682 1552 2724 ,
1617 2637 1716 2705 ut
1752 2622 2066 2706 amicos
2120 2647 2367 2735 qvam
2411 2621 2816 2732 plurimos
2856 2622 3025 2706 tibi
3073 2621 3325 2707 conci·

397 2750 560 2837 lies
578 2814 602 2856 ,
663 2752 1044 2838 vindictae
1063 2773 1429 2865 parcens.
1564 2756 1857 2842 Vellem
1889 2772 1976 2838 te
2005 2772 2152 2863 pro
2185 2752 2492 2864 insonti
2530 2756 2825 2840 habere
2849 2748 3322 2863 Epfiopum

395 2880 936 2969 Vilhiahnum
969 2914 1153 2972 cum
1189 2887 1393 2974 aliis
1423 2887 1605 2994 ejus
1638 2890 2017 3001 cognatis
2028 2916 2064 2994 ,-
2120 2893 2440 2973 mallem
2459 2916 2503 2974 e
2532 2889 2946 2974 contrario
2968 2902 3066 2969 ut
3097 2887 3321 2970 iram

401 3019 510 3107 ab
570 3017 914 3130 epifhopo
970 3040 1348 3125 avertas,
1403 3024 1639 3131 idqve
1703 3039 2108 3129 praeterea
2127 3080 2150 3121 ,
2215 3003 2747 3108 ut‘nu‘ncium
2791 3046 2898 3104 ex
2942 3016 3322 3126 Sudurey

337 3205 350 3216 -
397 3151 786 3236 Sveinem
829 3153 1352 3241 reducturum
1389 3159 1690 3242 mittas
1719 3150 1859 3256 Εἴ,
1922 3153 2155 3263 culpa
2201 3143 2563 3262 dimiffit,
2614 3148 3101 3262 poffeffiones
3141 3150 3320 3276 ejus

400 3285 558 3396 ipsi
603 3287 982 3397 restituas
1005 3351 1026 3391 ,
1094 3317 1279 3375 eum
1305 3291 1397 3373 in
1408 3285 1679 3400 finem
1697 3351 1719 3392 ,
1784 3304 1881 3372 ut
1908 3288 2035 3372 tib
2046 3289 2084 3372 i
2089 3284 2193 3398 se
2231 3285 2488 3372 talem
2531 3285 2855 3398 qvalem
2902 3286 3148 3397 ipsius
3180 3302 3323 3396 pa-

396 3436 570 3522 ter,
623 3420 962 3531 praestet.
1092 3422 1293 3508 Fuit
1347 3425 1493 3507 diu
1541 3450 1719 3508 mos
1760 3422 1980 3505 viris
2040 3419 2596 3531 nobilzffimis,
2676 3422 2972 3506 amicis
2991 3419 3190 3529 suis
3228 3421 3321 3504 in

395 3552 698 3638 multis
753 3547 1243 3668 indulgendo
1306 3543 1721 3641 auxilium
1766 3551 1869 3642 ΕΤ
1892 3553 2288 3662 favorem
2340 3553 2806 3640 conciliare.
2934 3555 3317 3653 Prudens,

323 3737 342 3744 ,
397 3689 679 3799 inqvit
728 3687 1052 3793 Comes,
1109 3688 1472 3797 Jaemina
1522 3717 1608 3774 es
1668 3689 1987 3797 Regna,
2069 3677 2363 3771 verum
2414 3686 2775 3773 Comitis
2828 3683 3195 3770 titulum.
3223 3684 3316 3765 in

397 3817 861 3906 orcadibus
919 3849 1078 3908 non
1114 3822 1357 3908 nac‘la
1410 3809 1553 3931 es5.
1609 3848 1768 3909 non
1812 3821 2064 3930 hujus
2116 3820 2486 3933 regionis
2540 3821 2759 3928 apud
2791 3836 2878 3903 te
2916 3818 3083 3901 erit
3111 3831 3313 3925 prae·

245 4025 267 4039 .
367 3951 763 4065 sedura·
726 4019 757 4064 ,
829 3955 1025 4041 heus
1075 3958 1472 4067 ineptias,
1534 3983 1664 4040 me
1706 3972 1986 4065 nempe
2032 3952 2415 4037 Sveinem
2461 3951 2802 4060 pecunia
2846 3947 3312 4034 reconcilia·

392 4104 686 4172 turum
712 4150 735 4190 ‚
772 4085 924 4200 spe
950 4088 1316 4176 vidioriae
1352 4091 1541 4175 inde
1562 4090 1979 4200 parandae.
2109 4087 2274 4173 His
2322 4087 2604 4169 iratus
2651 4083 2974 4189 Comes,
3039 4082 3314 4169 Deum

395 4221 629 4306 inter
644 4217 750 4332 Je
782 4220 888 4311 Εἴ
925 4242 1366 4336 cognatum
1401 4223 1808 4309 Comitem
1852 4216 2462 4331 Rfignvalldum
2505 4216 3003 4326 dijudicare,
3069 4213 3173 4304 ἔθ’
3213 4229 3312 4300 ut

395 4356 687 4440 exitus
709 4353 975 4460 facitis
1017 4355 1518 4468 respondeat,
1590 4373 2026 4464 precatur;
2086 4355 2162 4462 si
2188 4355 2453 4454 inum,
2518 4352 2829 4461 inqvit,
2885 4350 3082 4459 la’fi,
3109 4368 3313 4434 tem·

371 4503 550 4604 pus
583 4488 797 4602 adesi
825 4489 1513 4602 recompensandi,
1554 4488 1645 4599 si
1663 4504 1850 4576 aute
1861 4514 1946 4571 m
1979 4513 2337 4601 regnum·
2354 4511 2624 4573 meum
2656 4485 3042 4573 invadere
3062 4483 3311 4592 cupit,

1796 4620 1857 4706 B
1893 4617 1945 4706 b
2010 4639 2059 4734 3
3108 4629 3307 4699 tunc
3370 4635 3385 4668 ⁴
