4100 5284
525 371 618 436 lv

489 595 938 706 ,utriusqve
998 589 1185 679 libri
1248 588 1717 698 collatione,
1779 564 2089 700 abeqve
2138 578 2324 673 mea
2365 587 2863 695 monitione,
2924 590 3360 706 unicuiqve
3390 617 3686 682 verum

504 740 667 831 effe
730 738 1189 859 apparebit

784 934 892 1024 Et
969 934 1275 1049 Anglia
1353 932 1843 1048 scriptorum
1922 935 2028 1024 ad
2113 933 2473 1025 Orcades
2562 938 2931 1050 antiqvas
3031 880 3690 1105 pertinentium,

519 1084 665 1205 qvi
739 1087 1151 1201 publicam
1227 1085 1582 1176 viderint
1644 1086 1959 1196 lucem,
2019 1072 2302 1255 valde
2334 1112 2651 1200 pauper
2706 1088 2882 1174 est.

792 1318 1208 1421 Insulanos
1272 1321 1504 1439 qvod
1579 1325 1906 1431 attinet,
2000 1343 2191 1409 ante
2257 1322 2444 1432 tria
2468 1318 2721 1410 secula
2785 1325 3193 1438 conqvesti
3225 1388 3249 1431 ,
3314 1323 3697 1412 sexcentis

521 1456 645 1589 se,
686 1478 986 1595 qvibus
1024 1476 1346 1565 archiva
1380 1475 1465 1565 &
1487 1473 1992 1562 bibliothecae
2031 1471 2442 1561 tabescunt
2471 1446 3007 1590 pereuntqvc,
3048 1447 3356 1584 modiS,
3413 1460 3689 1565 dome-

526 1637 752 1743 stica,
836 1655 1096 1744 eaqve
1157 1626 1334 1715 fiatis
1397 1625 1708 1752 ampla,
1770 1650 2316 1715 monumenta
2376 1627 2704 1714 amisisse
2770 1626 3227 1721 doluerunt.
3715 1616 3724 1625 ’

790 1851 1112 1955 -Scotia,
1174 1845 1597 1936 Orcadum
1659 1846 1907 1936 hodie
1971 1847 2333 1955 domina,
2397 1876 2528 1949 res
2579 1876 2625 1935 a
2659 1846 3108 1959 majoribus
3149 1851 3401 1962 gestas
3442 1850 3688 1964 praelo

531 2003 941 2099 inondum
973 1997 1430 2113 evulgavit3
1496 1999 1598 2087 sic
1630 1997 2078 2089 sua-habere
2111 1998 2249 2088 sibi
2283 1996 2623 2114 gaudet,
2691 2005 2983 2088 exteris
3013 1999 3274 2089 ferme
3296 2007 3597 2117 ignota.

805 2263 1052 2379 Justae
1081 2258 1276 2347 hinc
1319 2255 1831 2348 eruditorum
1883 2256 2520 2372 qverelae'atqve
2558 2256 3036 2347 desiderium
3094 2256 3452 2346 melioris
3497 2256 3698 2346 olim

535 2418 786 2510 fontis
822 2411 1300 2520 obtinendi,
1367 2433 1644 2497 ortum
1700 2411 1829 2496 est,
1981 2412 2305 2499 Annuit
2351 2413 2601 2522 igitur
2646 2410 3069 2524 Mushgeta
3102 2411 3403 2519 noster,
3466 2409 3695 2496 mihi·

543 2598 710 2685 qve
773 2566 882 2679 inj
894 2567 1127 2654 unxit
1188 2589 1474 2648 curam
1541 2557 1945 2674 praesentis
2007 2566 2282 2674 operis
2354 2558 2672 2657 edendi.
2863 2562 2981 2666 Ut
3054 2590 3203 2677 par
3269 2584 3479 2668 erat,
3557 2561 3701 2648 ob-

541 2722 857 2812 secutus
921 2717 1444 2830 Orkneyinga
1487 2715 1802 2829 Sagam
1834 2717 2138 2801 caeteris
2185 2714 2569 2827 praemisi,
2632 2717 2935 2803 etenim
3003 2742 3134 2802 res
3196 2712 3322 2800 illa
3343 2778 3367 2821 ,
3427 2740 3472 2799 a
3536 2713 3694 2799 fixa

546 2880 636 2962 in
699 2867 1152 2962 Orcadibus
1214 2892 1363 2978 per
1395 2864 1992 2952 Nordmannos
2054 2863 2279 2973 sede,
2340 2864 2818 2979 adsertoqve
2881 2866 3053 2953 fibi,
3085 2894 3368 2953 earum
3435 2865 3699 2971 dorni-

546 3030 728 3132 nio,
790 3020 894 3109 ad
961 3023 1272 3106 exitum
1335 3044 1595 3131 usqve
1657 3015 1890 3105 seculi
1957 3015 2453 3133 duodecimi,
2512 3019 2902 3106 insulanus
2961 3039 3254 3109 narrat.
3381 3016 3702 3104 Auctor

540 3181 920 3279 incertuS,
954 3176 1261 3259 incerto
1295 3197 1523 3284 aeqvc
1557 3193 1931 3281 ternpore
1966 3167 2282 3280 scripsit.
2417 3168 2577 3256 Sed
2614 3167 3249 3282 antiqviffimum
3283 3193 3500 3277 opus.
3524 3167 3704 3274 esse,

543 3326 637 3414 δε
665 3327 1065 3415 Snorrone
1099 3326 1228 3434 pri
1237 3304 1329 3407 us
1348 3386 1372 3428 ,
1436 3320 1566 3408 vel
1629 3322 2003 3432 Polybius
2035 3318 2165 3405 ille
2205 3319 2469 3407 noster
2495 3320 2733 3409 docet
2747 3384 2771 3428 ,
2803 3321 3321 3431 Orkneyinga
3364 3321 3704 3436 Sagam,

547 3482 865 3581 invita
926 3477 1122 3565 Olai
1180 3471 1504 3579 Sanili,
1599 3470 1957 3584 expresse
2019 3475 2105 3556 in
2168 3498 2685 3561 narratorum
2748 3471 2996 3558 fidem
3060 3471 3398 3555 testatus,
3594 3466 3705 3551 Et

547 3628 1082 3732 chamum-es,
1152 3629 1293 3738 qvi
1360 3629 1446 3711 in
1509 3623 1734 3713 bono
1799 3621 2182 3713 historico
2244 3625 2503 3715 adesse
2565 3629 3132 3738 reqviruntur,
3194 3592 3465 3708 nostro
3513 3638 3702 3703 neu=

549 3784 864 3894 tiqvam
929 3776 1263 3865 defuisse
1320 3777 1701 3885 *Torf'aeus
1767 3775 2086 3863 dudum
2154 3778 2872 3869 commonstravitxss
2983 3770 3216 3860 Talis
3280 3774 3429 3859 viri
3493 3763 3698 3877 judi-

550 3935 771 4020 cium
841 3958 1089 4018 omne
1187 3928 1431 4019 habet
1517 3928 1795 4042 paucis
1880 3925 2231 4036 dictum,
2327 3929 2555 4045 qvod
2613 3928 2881 4015 dicere
2944 3925 3303 4038 possum,
3398 3918 3482 4003 δι
3543 3914 3704 4002 hoc

555 4110 664 4171 ex
723 4082 897 4196 ejus
959 4082 1358 4198 praemissa
1422 4072 1880 4171 Orcadtbzis
1940 4078 2412 4192 praefatione
2477 4080 2760 4167 afferre
2820 4078 3061 4166 nobis
3123 4074 3369 4161 liceat·

996 4336 1007 4345 ·
1150 4312 1209 4352 ”—
1242 4298 1494 4376 Austor
1547 4306 1892 4399 egregium
1945 4308 2156 4401 gentis
2207 4303 2329 4377 suae
2401 4303 2755 4389 institutum
2807 4305 2901 4405 (oz
2935 4322 3161 4372 rerum
3190 4293 3372 4368 domi
3414 4286 3706 4389 forisqve

934 4447 974 4493 '⁹
1025 4444 1353 4540 gestarum
1402 4444 1975 4543 consignationem)
2029 4442 2300 4532 secutus,
2385 4470 2464 4521 ex
2539 4443 2796 4520 vetustis
2851 4438 3254 4516 carminibus
3305 4436 3370 4511 δι
3421 4433 3708 4506 traditio·

3448 4583 3489 4623 θ’
3545 4595 3707 4643 num
