4100 5284
858 351 863 355 ·
1011 305 1554 401 HlszIA
1641 304 2550 420 oRcADENst·
3051 324 3234 422 147

38 533 41 678 J
314 557 739 669 &apropter'
756 553 771 570 '
791 557 883 643 in
927 552 1384 644 orcadibus
1433 554 1930 662 mansionem
1971 550 2375 664 recusans.
2504 552 2726 641 Hinc
2760 579 2865 641 ex
2910 551 3228 666 infidis,
3281 561 3361 629 A.
3389 545 3520 637 ΒΣ·

326 717 493 775 cum
543 691 924 777 oumibus
978 688 1166 800 fuis
1223 689 1607 800 neceſjari
1608 691 1687 772 is
1705 751 1729 792 ,
1791 685 2208 800 tinstedunt
2220 752 2244 796 ,
2305 691 2684 801 primum
2751 691 2845 775 in
2897 687 3235 776 Katane·

323 820 495 938 fiam
515 886 540 928 ‚
602 825 894 910 deiude
954 826 1048 910 in
1106 822 1465 909 Scotiam
1494 818 1835 933 sursum
1883 825 1977 908 in
1996 825 2320 934 praedia
2353 848 2527 935 qvae
2572 818 3015 934 poffidebat
3043 823 3235 912 Fra·

323 953 613 1066 kaurk3
677 957 843 1044 haec
856 953 1137 1066 secum
1152 1021 1175 1062 ,
1226 958 1425 1043 dum
1485 962 1823 1044 tenellus
1865 975 2057 1043 erat
2072 1019 2095 1060 ,
2161 957 2474 1042 ibidem
2523 959 2912 1044 educavit
2939 953 3240 1068 filium

322 1087 789 1177 Erlendum.
922 1081 1337 1177 Nutritus
1366 1090 1474 1205 est
1505 1093 1768 1178 etiam
1794 1091 2105 1176 ibidem
2125 1085 2418 1177 Aulser
2444 1089 2681 1178 Rosta
2685 1088 2937 1200 filius
2953 1089 3233 1180 Thor-

320 1222 476 1310 liori
520 1229 625 1312 de
653 1224 1026 1312 Rekavik
1043 1288 1067 1331 ‚
1128 1221 1233 1314 ἔθ’
1282 1222 1611 1336 Steinya
1644 1220 1851 1336 filia
1902 1217 2417 1309 Fraukarkae.
2578 1219 2872 1311 Aulfer
2909 1223 3242 1337 statura

321 1375 493 1445 erat
512 1359 716 1472 plus
745 1387 990 1473 qvam
1039 1358 1253 1471 justa
1266 1422 1290 1466 ,
1354 1358 1719 1471 robustus
1732 1419 1756 1462 ‚
1789 1352 2278 1468 sediticfics‚
2343 1355 2449 1447 ἔθ’
2485 1357 2828 1445 militia·
2851 1358 3235 1472 perittffi-

318 1519 516 1583 mus.
680 1494 1098 1581 Educatus
1155 1493 1262 1604 est
1317 1493 1442 1579 ibi
1496 1489 1992 1578 Thorbic'irn
2042 1487 2390 1575 Klerkus
2439 1488 2689 1603 filius
2723 1504 2730 1508 ’
2760 1489 3238 1581 Thorsteini

318 1625 642 1713 Hauldi
769 1627 1145 1715 Educata
1169 1636 1181 1646 “
1201 1629 1462 1713 etiam
1505 1626 1633 1712 ibi
1680 1626 2155 1736 Margareta
2205 1624 2565 1713 Comitis
2610 1624 2979 1712 Haconis
3004 1624 3239 1739 filia,

320 1758 583 1873 Helga
616 1757 1073 1866 Moddani,
1113 1757 1214 1850 ἔθ’
1254 1758 1555 1844 Erikus
1598 1757 2070 1871 Slagbellir·
2046 1821 2074 1871 ,
2136 1757 2232 1843 hi
2288 1761 2568 1846 omnes
2613 1760 2877 1848 nobili
2927 1788 3236 1875 genere

318 1898 648 1985 oriundi
681 1894 786 1985 ἔθ’
822 1897 998 1982 viri
1033 1897 1329 2010 magni
1372 1920 1722 2010 reguum
1767 1896 1861 1980 in
1920 1888 2382 1979 orcadibus
2434 1893 2854 1979 retinendi
2899 1894 3060 2002 jus
3092 1894 3231 1981 ha·

315 2029 495 2119 bere
523 2031 1048 2118 videbantur.
1173 2028 1519 2117 Fratres
1545 2025 1803 2136 fuere
1852 2023 2287 2115 Frfikarkae
2356 2023 2729 2139 Magnus
2789 2003 3064 2121 Orfius
3107 2022 3240 2137 &³

318 2170 548 2254 Ottar
610 2169 707 2253 in
768 2160 1157 2252 Thorsfia
1171 2223 1198 2271 ‚
1256 2165 1396 2253 vir
1439 2162 1761 2252 nobilis

1054 2443 1276 2580 De
1383 2444 1926 2582 Comite
2020 2444 2502 2583 Paulo,
2605 2465 2614 2476 ·
2709 2533 2723 2546 -

316 2657 745 2857 Praeerat
811 2788 1011 2862 tunc
1086 2773 1378 2864 Comes
1448 2772 1741 2862 Paulus
1786 2772 2319 2880 Orcadibus,
2424 2776 2725 2865 amicis
2801 2773 3247 2864 admodum

316 2903 644 3010 beatus,
716 2907 1247 3019 pauciloqvus
1302 2910 1542 2996 valde
1555 2971 1580 3013 ‚
1643 2914 1737 2995 in
1793 2911 2352 3000 conventibus
2401 2913 2880 2996 taciturnus
2921 2970 2949 3014 ,
3027 2907 3246 2996 alios

314 3062 626 3153 magua
676 3068 785 3126 ex
826 3058 1066 3152 parte
1112 3067 1460 3156 regnum
1496 3039 1787 3148 ficum
1846 3039 2426 3149 administrare
2477 3039 2735 3146 fecit,
2796 3041 3247 3145 humanus,

315 3198 519 3286 erga
568 3172 955 3284 populum
1016 3177 1481 3265 commodus
1508 3237 1536 3284 ,
1624 3172 2003 3288 liberalis
2018 3234 2043 3278 ‚
2140 3197 2302 3260 non
2384 3189 2629 3260 erant
2687 3174 2983 3286 qvibvs
3043 3199 3250 3290 erga

316 3308 637 3391 amicos
671 3323 1048 3416 parceret
1062 3370 1086 3411 ,
1154 3311 1535 3419 piraticae
1592 3334 2109 3425 neqvaqvam
2160 3307 2603 3411 obnoxius,
2679 3307 3010 3422 qvietus
3071 3309 3252 3418 refi-

313 3440 593 3528 debat.
785 3439 1116 3526 Extitit
1154 3469 1242 3529 eo
1295 3459 1653 3554 tempore
1699 3446 1793 3530 in
1858 3440 2323 3548 orcadibus
2389 3446 2762 3531 virorum
2807 3444 3211 3546 nobilium
3224 3504 3249 3548 ‚

314 3576 454 3685 qvi
493 3600 608 3660 ex
681 3578 1072 3690 comitum
1127 3576 1395 3690 stirpe
1436 3569 2039 3694 defi-enderaut,
2117 3577 2598 3664 multitudo
2790 3577 3249 3682 Habitavit

315 3723 516 3794 tunc
569 3703 916 3790 Vestnefi
972 3713 1064 3794 in
1119 3699 1499 3795 Hrosseia
1540 3713 1682 3797 vir
1738 3707 2044 3795 nobilis
2074 3715 2410 3795 nomine
2467 3704 2900 3818 Sigurdus‚
2945 3709 3091 3820 qvi
3125 3706 3247 3791 In-

314 3839 795 3953 gibi6rgam
837 3840 1212 3952 Tignam
1241 3869 1581 3931 uxorem
1616 3841 2012 3950 babebat,
2056 3837 2347 3956 filiam
2395 3840 2860 3951 Herborgae
2892 3841 3250 3928 Comitis

311 3973 543 4061 Pauli
575 3971 1023 4060 Thorfinni
1046 3969 1280 4089 filii‚·
1340 3977 1635 4063 horum
1641 3973 1830 4087 filu
1875 3970 2315 4084 Brinjulfus
2352 3973 2482 4065 &-
2498 3963 2795 4059 Hacon
2823 3973 3020 4092 Pik·
3088 4005 3249 4065 om-

317 4138 459 4197 nes
507 4110 869 4197 Comitis
939 4105 1156 4196 Pauli
1203 4127 1446 4197 erant
1501 4111 1965 4221 optimates
2132 4110 2394 4195 Fuere
2430 4126 2832 4220 praeterea
2892 4039 3248 4198 Comitis

316 4239 541 4330 Pauli
590 4246 1038 4356 optimates
1067 4240 1437 4342 Havardi
1478 4239 1895 4340 Gunnaris
1894 4238 2110 4440 filii
2141 4241 2446 4334 Haeon
2489 4239 2685 4353 ΚῙό,
2748 4245 2938 4356 dein
2973 4239 3251 4332 Thor-

1736 4372 1833 4466 T
1901 4393 2001 4493 2
2237 4453 2248 4462 .
2341 4455 2350 4466 ,
2789 4455 2802 4486 ,
2917 4377 3247 4490 steina
