4100 5284
1157 347 1695 441 HISTORIA
1757 350 2200 445 SANCTI
2252 358 2690 450 MAGNI.
3212 374 3393 471 445

470 613 660 676 mur
695 581 1281 704 gravitatibus
1311 655 1337 697 ‚
1418 599 1629 683 certi
1690 613 2074 706 attamen
2138 604 2568 689 evadimus
2634 629 2911 691 eorum
2952 631 3132 717 qvae
3157 604 3386 717 scire
3435 601 3516 666 Α·
3541 598 3631 690 Ῑλ

469 737 776 819 amicos
839 733 1142 845 nostros
1204 733 1563 819 multum
1630 732 1915 838 refert.
2047 736 2296 822 Nunc
2357 742 2490 824 ita
2562 741 2978 830 nobiscum
3042 758 3384 855 agetur,

462 891 564 956 ut
644 890 729 957 te
804 873 1026 981 apud
1099 896 1228 956 me
1305 877 1809 986 commendet
1823 936 1845 978 ,
1954 877 2172 986 qvod
2230 903 2284 961 a
2348 900 2503 980 me,
2566 905 2812 988 qvam
2874 881 3102 993 regis
3166 873 3377 984 Ingii

435 1000 1014 1110 sacerdotibus
1048 1062 1071 1104 ,
1167 1003 1263 1086 in
1343 1004 1637 1110 qvibus
1711 1020 1900 1093 tota
1981 1007 2167 1114 ejus
2222 1003 2445 1119 fides
2472 1070 2496 1112 ‚
2570 1027 2661 1097 te
2737 1012 3057 1097 erudiri
3131 1012 3371 1093 malle

451 1141 993 1247 comperiam5
1106 1138 1403 1224 Venies
1465 1139 1789 1227 exailis
1853 1121 2135 1227 tribus
2196 1143 2603 1250 nostibus,
2690 1163 2891 1234 tunc
2949 1147 3321 1256 quaedam
3337 1203 3362 1244 ‚

456 1301 636 1384 qvae
674 1278 906 1389 scire
971 1307 1167 1367 aves
1185 1337 1224 1385 ,·
1286 1281 1458 1366 tibi
1505 1284 1952 1392 praedicere
2013 1281 2376 1383 tentabo·
2567 1280 2740 1391 Post
2800 1293 3353 1368 memoratum

441 1427 913 1532 colloqvium
975 1430 1083 1515 ab
1145 1419 1499 1512 invicem
1565 1416 1992 1532 dicefferey
2153 1413 2590 1525 Haqvinus
2654 1416 2749 1500 in
2807 1414 3122 1502 vicinia
3185 1435 3346 1554 mp-

438 1568 682 1638 vatus
696 1615 720 1659 ,
787 1554 959 1667 post
1036 1575 1209 1643 tres
1279 1550 1546 1642 noiies
1626 1545 2007 1640 convenit
2083 1544 2394 1629 iterum
2454 1543 2918 1646 fatidicum
2933 1604 2957 1649 ‚
3028 1542 3173 1652 qvi
3246 1561 3341 1624 m

439 1687 678 1779 domo
717 1695 1095 1804 ,eq-vadam
1115 1753 1137 1795 ,
1213 1717 1396 1777 cum
1460 1685 2033 1802 ingrederetur
2099 1679 2610 1792 (Haqvinus)
2625 1745 2649 1787 ‚
2700 1681 2945 1793 solus
3007 1673 3341 1796 anhela·⁸

431 1818 584 1905 bat
636 1822 1168 1937 frontemqve
1241 1849 1495 1910 manu
1554 1813 2113 1909 contrec‘labat
2128 1877 2154 1921 ,
2235 1815 2584 1926 afferens
2631 1814 2719 1926 β’
2784 1814 3141 1903 multum
3182 1810 3334 1893 im·

420 1955 802 2068 pendtffi’ae
834 1976 1278 2067 anteqvam
1340 1981 1620 2043 eorum
1638 2017 1661 2058 ,
1723 1978 1899 2065 qvae
1947 1939 2509 2064 exq'vistturus
2558 1971 2780 2057 erat,
2842 1955 3148 2038 certior
3167 1945 3336 2032 red·

425 2089 778 2178 deretur·
910 2095 1101 2204 Haq
1110 2094 1351 2179 vinus
1389 2087 1494 2204 st·
1555 2092 2080 2177 divinantem
2142 2090 2434 2175 audire
2487 2093 2687 2175 velle
2716 2087 3169 2198 affirmat3·
3203 2085 3330 2189 Si,

419 2226 555 2312 ait
599 2224 926 2344 sagax,
982 2228 1195 2340 fata
1266 2245 1421 2314 tua
1466 2222 1696 2339 fiire
1757 2225 2023 2335 cupis,
2084 2225 2183 2310 de
2246 2225 2450 2328 illis,
2511 2249 2816 2311 necnon
2873 2225 3065 2311 vita
3123 2238 3322 2320 tua,

417 2362 690 2449 multa
752 2366 1090 2452 dicenda
1121 2362 1337 2470 sunt
1356 2423 1379 2466 ‚
1441 2386 1550 2446 ex
1610 2358 1912 2443 itinere
1976 2356 2198 2442 enim
2259 2368 2404 2441 tuo
2462 2350 2819 2466 occasum
2882 2352 3163 2463 versus
3223 2355 3317 2437 in

416 2488 780 2578 Orcades
842 2496 1139 2609 magni
1201 2494 1599 2580 momenti
1637 2488 2037 2600 facinora
2051 2549 2076 2591 ‚
2137 2513 2319 2572 cum
2351 2486 2654 2590 omnia,
2710 2511 3050 2597 qvorum
3081 2479 3319 2592 causta

411 2626 583 2710 erit
644 2643 1153 2735 praetereunt
1169 2689 1193 2731 ,
1264 2630 1757 2737 provenient
1767 2658 1803 2737 ‚-
1887 2625 2286 2742 praesagit
2310 2658 2321 2666 ·
2348 2628 2609 2710 etiam
2673 2627 2888 2712 mihi
2950 2623 3318 2734 animus,

416 2775 505 2844 te
568 2762 907 2848 tandem
940 2761 1226 2874 solum
1289 2763 1652 2854 Orcades
1669 2828 1693 2870 ,
1754 2767 2136 2880 qvamvis
2205 2762 2430 2868 forte
2502 2764 2952 2876 exspefi‘are
3009 2780 3318 2864 taedeat

399 2889 820 2982 recturum
873 2892 1059 3002 sore
1073 2958 1095 3000 ,
1158 2898 1284 2983 ibi
1345 2898 1609 2984 etiam
1643 2895 1960 3008 prolem
2001 2908 2243 2980 tuam
2281 2889 2859 2986 habitaturam
2888 2923 3253 3013 auguror
3259 2931 3300 3013 ,-

407 3023 585 3110 Tuo
649 3052 957 3140 qvoqve
1018 3046 1377 3141 tempore
1406 3028 1725 3140 scelus,
1783 3027 1998 3137 qvod
2051 3022 2275 3130 apud
2314 3022 2593 3109 Deum
2606 3083 2633 3127 ,
2695 3027 2789 3110 in
2842 3053 3082 3137 qvem
3143 3058 3304 3118 cre·
3340 3071 3344 3076 ·

406 3159 536 3244 dis
567 3222 591 3264 ‚
655 3166 989 3276 expiare
1041 3192 1290 3279 qveas
1306 3228 1331 3272 ,
1393 3192 1506 3253 an
1568 3192 1731 3255 non
1750 3226 1775 3270 ‚
1838 3162 2282 3248 dubitatur
2296 3223 2320 3265 ‚
2376 3170 2715 3273 patrari
2755 3163 3088 3279 facie55
3151 3193 3307 3266 tua

400 3315 688 3386 autem
744 3300 1128 3414 {vestigia
1215 3302 1554 3417 longius
1630 3303 1727 3386 in
1773 3289 2386 3384 'meridionales
2456 3313 2772 3404 terras,
2844 3326 3095 3414 qvam
3157 3336 3308 3425 ego

398 3440 681 3528 videre
733 3438 1015 3550 poffim
1077 3444 1614 3545 diducuntur,
1674 3458 1763 3528 te
1815 3458 2096 3530 tamen
2158 3447 2337 3538 heic
2397 3457 2490 3543 in
2523 3458 3099 3572 fiptentrione
3135 3500 3299 3563 mo-

388 3573 758 3658 riturum
835 3575 1174 3667 ominor.
1365 3573 1734 3684 Audiisti
1817 3573 2001 3678 iam
2065 3601 2203 3683 ea,
2282 3613 2461 3695 qvae
2537 3594 2691 3684 hae
2768 3607 2950 3695 vice
3029 3615 3294 3704 dicere

383 3714 696 3826 placet,
773 3710 1148 3825 qvorfum
1214 3733 1502 3803 autem
1562 3714 1891 3827 negotio
1952 3739 2197 3825 reqve
2263 3737 2417 3809 tua
2480 3749 2908 3827 contentus
2955 3745 3068 3843 fis
3127 3711 3299 3836 tibi

384 3846 910 3957 relinqvitur.
1099 3849 1250 3935 Ad
1299 3847 1466 3935 haec
1529 3847 1967 3958 Haqvinus
1979 3877 2015 3957 ,·
2081 3848 2619 3968 'momentola,
2689 3866 2770 3972 li
2824 3896 3026 3959 vera
3065 3878 3292 3986 sint,

358 3970 592 4083 fers,
655 3975 755 4060 id
809 3991 1093 4063 autem
1108 4037 1134 4081 ,
1193 3975 1413 4087 qvod
1464 4000 1624 4062 non
1686 3975 1973 4065 dubito
1987 3971 2032 4087 ,’
2075 3977 2289 4066 mihi
2331 3985 2871 4099 prqfuturum
2946 3991 3315 4114 autunto„

1656 4106 1877 4240 Kkk
1948 4129 1996 4222 3
2486 4221 2495 4228 ἡ
2652 4207 2659 4212 ,
2880 4203 2891 4212 .
3060 4145 3299 4247 qvod·
3410 4261 3419 4267 Ι
