4100 5284
1132 324 1703 486 HmoRJA‘
1736 365 2612 491 ORCADENSIUM.
3153 417 3328 511 153

926 637 1146 771 De
1230 640 1653 776 Kalio
1745 638 1899 779 &
1987 641 2396 780 Giua-
2419 640 2808 781 Krist.

415 811 773 1010 Kalius
852 925 1319 1033 qvindecim
1397 954 1656 1019 annos
1733 927 1989 1016 natus
2068 948 2263 1017 erat
2322 957 2510 1018 cum
2570 947 3080 1020 mercatores
3137 928 3336 1014 occi·

417 1059 737 1143 dentem
791 1054 1072 1167 versus
1133 1059 1226 1144 in
1290 1059 1688 1174 Angliam
1706 1126 1730 1169 ‚
1811 1065 2048 1150 bonis
2110 1064 2544 1174 instructus
2587 1066 3001 1153 mercibus
3015 1126 3037 1168 ‚
3103 1063 3341 1151 comi·

420 1207 748 1276 taretur
765 1251 790 1293 ‚
853 1192 946 1275 in
980 1197 1435 1305 emporium
1465 1200 1681 1309 qvod
1725 1195 2181 1282 Grimsbaer
2212 1201 2457 1285 audit
2489 1200 2915 1285 tendentes
2921 1226 2957 1308 ,⁰
3022 1196 3175 1281 huc
3221 1197 3341 1293 in:

416 1348 621 1443 gens
655 1355 698 1413 e
730 1322 1204 1437 Not-vegia,
1244 1327 1723 1436 orcadibus
1758 1330 2027 1417 Scotia
2063 1328 2168 1421 ἐπ’
2183 1327 2583 1417 Haebudis
2616 1330 3023 1444 confluxit
3062 1327 3345 1416 multi·

424 1464 641 1549 tudo.
772 1459 1176 1548 Convenit
1220 1463 1528 1550 ibidem
1572 1462 1843 1551 Kalius
1905 1469 2189 1554 virum
2242 1469 2644 1578 qvendam
2709 1469 2852 1578 qvi
2905 1461 3157 1552 Gilla·
3174 1461 3345 1547 Kri-

416 1596 582 1682 ‘stus
615 1596 1223 1708 appeHabatur3
1288 1597 1420 1684 hic
1467 1598 1740 1686 multa
1790 1602 1888 1686 de
1920 1599 2221 1685 Norve
2231 1601 2364 1711 gia
2369 1589 2930 1712 sollicitabat,
2979 1597 3353 1711 plurima

431 1757 612 1819 cum
646 1728 878 1815 Kalio
912 1730 1326 1842 conserens
1341 1794 1365 1837 ‚
1425 1735 1645 1845 qvod
1682 1734 1959 1822 crebro
1995 1728 2281 1844 ansam
2297 1735 2623 1845 praebui
2713 1729 3165 1843 consortio,·
3233 1730 3351 1813 di·

432 1869 567 1952 xit
599 1861 1026 1974 Kalio,Jub
1058 1864 1586 1975 fidesilentii‚
1618 1864 2107 1954 Haralldum
2139 1868 2560 1954 nominari
2574 1864 2663 1978 fi
2692 1869 3018 1979 iumqve
3053 1862 3356 1973 Magni

434 1997 901 2111 Nudipedis
915 2062 940 2103 ‚
999 2016 1360 2087 matrem
1386 2027 1580 2090 vero
1616 1998 2113 2113 in·Sudreya
2145 2000 2315 2112 effe.
2441 2000 3020 2114 Interroganti
3032 2059 3060 2103 ‚
3116 1994 3349 2109 qvali

435 2134 832 2252 gaudiosi
837 2132 1075 2244 sorte
1106 2136 1198 2219 in
1225 2133 1754 2247 Norvegiam
1800 2143 2127 2225 veniret
2158 2134 2442 2224 incolae
2489 2129 2760 2245 ipsum
2787 2130 3085 2243 forent
3120 2156 3339 2216 exce·

431 2275 704 2384 ptari,
766 2266 1200 2381 respondet
1231 2267 1503 2355 Kalius
1521 2332 1545 2375 ‚
1607 2270 2136 2381 verisimilem
2191 2271 2467 2357 videri
2510 2269 2819 2384 Regem
2859 2259 3312 2377 Sigurdum
3327 2323 3355 2368 ‚

441 2428 595 2513 qvo
656 2408 935 2522 magis
986 2400 1246 2515 ipsum
1291 2405 1770 2493 humaniter
1811 2409 2216 2518 excipiat,
2281 2405 2519 2493 modo
2562 2403 2723 2490 alii
2781 2429 2946 2490 non
3006 2418 3360 2489 corrum⁴

435 2557 751 2655 perent.
817 2535 1366 2625 Gula-xristus
1398 2536 1503 2629 ἐπ’
1515 2538 1785 2625 Kalius
1821 2543 2033 2628 dona
2052 2558 2248 2626 ante
2279 2534 2689 2652 dtsteffiem
2716 2536 3364 2641 mutuabantur,

447 2674 784 2789 plenam
832 2675 1306 2760 amicitiam
1320 2735 1344 2778 ,
1405 2675 1856 2787 ubicunqve
1906 2678 2001 2761 in
2044 2672 2452 2783 futurum
2512 2700 2649 2760 eos
2708 2671 3141 2762 convenire
3197 2693 3370 2755 con·

450 2812 859 2925 tingeret,
923 2807 1278 2894 invicem
1303 2810 1916 2920 promittentes.

1215 3028 1436 3161 De
1520 3026 1940 3164 Kalio
2009 3026 2164 3161 &
2223 2949 2611 3198 Jona.

460 3201 818 3401 Klius
868 3313 1130 3425 postea
1194 3315 1475 3402 eadem
1537 3338 1749 3402 nave
1804 3311 2235 3400 revehitur
2245 3341 2280 3424 ,-
2346 3307 2618 3423 Agdis
2666 3309 3038 3420 primum
3078 3306 3373 3420 adapsi,

459 3450 647 3538 inde
700 3446 1000 3560 Bergas
1055 3449 1432 3535 tendunt.
1560 3448 2091 3537 Cantilenam
2121 3464 2321 3536 tunc
2343 3445 2839 3562 proferebat.

869 3670 1381 3780 Pervasimus
1454 3669 1631 3758 loca
1688 3666 2080 3783 arginla
2092 3730 2116 3774 ‚
2197 3720 2204 3726 ·

866 3823 1217 3932 qvinqve
1252 3823 1789 3911 hebdomades
1849 3822 2289 3910 admodum
2340 3819 2741 3927 crudeles,

875 3997 1035 4058 uon
1099 3972 1302 4084 deest
1372 3974 1644 4064 lutum
1704 3974 1851 4060 ubi
1913 4000 2246 4060 eramus

874 4142 1306 4216 manentes
1368 4128 1458 4216 in
1535 4126 1798 4217 medio
1861 4121 2324 4215 Grimsbaei.

1976 4273 2065 4367 U
2633 4319 2650 4324 ·
3146 4278 3395 4370 Nunc

3371 648 3455 718 A.
3490 648 3579 717 D.
