4100 5284
1090 410 1634 510 fflswffla
1694 413 2566 543 oRcADENSmM.
3158 407 3292 555 ,⁶⁷
3369 448 3378 459 ’

890 658 1043 755 Vir
1123 666 1232 780 est
1307 669 1424 754 ad
1436 664 1450 679 '
1481 665 1815 793 obuiam
1877 666 2267 773 eundum,

883 822 1216 927 (bonum
1275 817 1382 930 eli
1444 818 1864 905 dominum
1893 815 2186 932 Jeqvi)

885 975 1305 1060 neminem
1368 971 1466 1058 id
1532 995 1893 1082 unqvam
1941 987 2102 1082 per
2158 999 2290 1060 me
2352 970 2621 1063 lateat
2634 1035 2660 1078 ‚

885 1124 1507 1236 haudqvaqvam
1570 1139 1884 1234 pronus
1923 1118 2123 1233 filio
2185 1124 2476 1233 Brufii3

810 1382 819 1393 ἱ
873 1277 1058 1366 Nos
1121 1291 1440 1381 manet,
1490 1274 1582 1385 fi
1653 1254 2020 1362 Comites
2080 1274 2181 1361 hi

881 1431 1000 1517 ad
1030 1427 1446 1542 ferociam
1511 1426 1827 1515 veloces
1904 1426 2555 1546 congrediantur
2568 1494 2595 1542 ,

878 1579 1245 1692 difficilis
1317 1581 1732 1692 conditi03
1854 1574 1861 1585 ’
2038 1566 2043 1571 ’
2539 1592 2544 1595 ’

870 1736 1023 1822 vix
1084 1735 1254 1821 erit
1313 1751 1598 1823 tutum
1659 1734 1888 1823 inter
1951 1737 2285 1827 amicos.

342 1960 642 2051 Comes
702 1954 1224 2046 Thorfinnus
1271 1953 1823 2071 stleiltffimis
1898 1986 2101 2072 qvos
2184 1958 2539 2049 habebat
2632 1959 3054 2079 militibus
3129 1986 3272 2048 na·

348 2091 796 2208 vemsuam
820 2093 1157 2208 instruit
1170 2155 1198 2201 ‚
1259 2090 1365 2182 Εἴ
1381 2087 1709 2180 Kalfum
1740 2095 2035 2180 exinde
2066 2108 2255 2181 cum
2287 2097 2757 2184 conveniret
2801 2098 2899 2184 de
2944 2094 3270 2184 auxilio

353 2231 743 2344 implorat
757 2293 782 2336 ,
831 2229 1127 2333 dicens,
1157 2222 1415 2340 ipsum
1431 2291 1455 2334 ‚
1493 2245 1751 2319 antea
1780 2220 2121 2317 'exulem
2156 2231 2636 2320 amicitiani
2682 2230 2939 2348 Regis
2967 2228 3271 2343 Magni

350 2391 513 2453 non
566 2348 1176 2478 redempturum
1191 2426 1215 2467 ,
1297 2363 1688 2474 qvoniam
1701 2425 1725 2472 ,
1807 2365 2092 2478 inqvit
2112 2429 2137 2472 ,
2221 2363 2693 2479 confirvare
2742 2392 2904 2456 non
2932 2362 3276 2478 potuisti

358 2502 507 2585 ‘ubi
533 2502 812 2587 eadem
825 2516 1293 2613 permagna
1308 2494 1650 2607 fruitus
1696 2525 1785 2587 es
1797 2528 1834 2611 ‚-
1893 2495 2262 2611 sperabis
2301 2502 2561 2588 etiam
2595 2502 2674 2612 si
2707 2497 3271 2614 Rognvaudus

362 2661 511 2721 nos
530 2634 860 2747 superet
939 2635 1461 2748 regimenqve
1515 2632 1699 2749 eJ‘us
1732 2630 1840 2722 ΕΞ*
1875 2632 2176 2749 Magni
2222 2634 2399 2724 heic
2421 2637 2538 2724 ³ab
2569 2640 2979 2725 occidente
3001 2638 3269 2723 maris

370 2763 804 2879 invalescat
822 2829 845 2873 ‚
905 2784 993 2852 te
1057 2792 1219 2853 non
1277 2765 1475 2852 bene
1553 2784 1977 2883 acceptum
2010 2769 2211 2883 fore
2231 2831 2256 2876 ,
2313 2771 2405 2882 fi
2462 2789 2750 2860 autem
2813 2799 2960 2861 nos
3019 2765 3266 2858 visto·

362 2903 579 2989 riam
655 2916 1204 3012 reportamus,
1284 2906 1503 2988 nuda
1580 2929 1717 2989 res
1775 2930 1954 3016 qvae
2017 2907 2114 2990 in
2192 2932 2378 2991 mea
2455 2906 2562 3015 est
2620 2905 3018 3016 potestate
3101 2903 3304 2994 tibi.

359 3038 615 3123 deerit
631 3099 655 3141 ‚
717 3032 1033 3121 nemini
1092 3034 1312 3119 enim
1357 3033 1490 3118 hic
1553 3035 1658 3119 ab
1724 3039 2132 3122 occidente
2180 3026 2449 3121 maris
2463 3099 2487 3142 ‚
2541 3040 2784 3149 ‘modo
2816 3038 3262 3138 concordes,

360 3169 793 3277 inferiores
834 3170 1146 3253 erimus
1165 3229 1190 3272 ‚
1251 3194 1394 3253 nec
1451 3163 1855 3252 tolerabis
1889 3183 1976 3255 te
2015 3185 2423 3281 tanqvam
2463 3165 2729 3279 felem
2783 3169 2877 3253 in
2938 3165 3263 3275 latebra

361 3305 730 3391 recubere
748 3364 772 3406 ,
846 3302 1164 3414 qvando
1224 3328 1371 3416 ego
1413 3318 1568 3412 pro
1632 3302 2067 3414 utrius-qve
2125 3302 2375 3416 nostri
2437 3303 2928 3392 liberatione
2995 3319 3262 3409 certo,-

364 3440 465 3549 est
506 3454 903 3549 praeterea
955 3440 1181 3520 inter
1232 3461 1380 3520 nos
1424 3452 1674 3522 tanta
1734 3436 2416 3552 conffingvinitas
2461 3451 2563 3526 ut
2602 3439 2966 3526 alterum
3014 3436 3270 3523 alteri

365 3570 770 3657 auxilium
798 3565 1039 3676 ferre
1092 3566 1411 3679 praestet
1427 3630 1453 3672 ‚
1526 3594 1712 3654 cum
1773 3596 1921 3657 nos
1996 3568 2103 3661 ἔθ’
2159 3572 2410 3682 hostes
2488 3579 2709 3661 nulla
2785 3572 3268 3687 cognatione

350 3693 841 3817 jungamur·
1031 3700 1443 3787 Caeterum
1516 3698 2429 3813 auditafhHicitatione
2475 3703 2926 3792 Thorfinni
2994 3696 3271 3801 Kalfus

340 3834 538 3949 suos
601 3834 1088 3921 exhortatur
1145 3829 1250 3920 ἔθ’
1296 3850 1396 3917 ut
1449 3830 1928 3923 Thorfinno
1973 3824 2441 3925 auxiliares
2507 3839 2893 3951 praelium
2956 3840 3275 3941 ineant,

346 3973 628 4082 jubet,
691 3968 899 4052 unde
963 3983 1302 4077 uterqve
1361 3988 1572 4074 una,
1638 3970 1928 4061 Comes
1989 3964 2512 4059 Thorfinnus
2576 3969 2677 4061 ἔθ’
2742 3967 3052 4079 Kalqu‚
3131 3997 3283 4090 ag·

358 4100 855 4222 grescionem
910 4100 1168 4189 remis
1211 4100 1671 4189 accelerant
1685 4165 1710 4209 ,
1792 4132 1978 4192 cum
2036 4122 2324 4192 autem
2380 4109 2502 4194 ad
2520 4103 3005 4217 praeliantes
3050 4108 3275 4196 veni·

378 4256 602 4343 rent,
647 4236 1059 4321 exercitus
1140 4230 1632 4322 Thorfinnis
1677 4235 1924 4353 fugae
1974 4237 2063 4352 fe
2126 4242 2465 4327 dederat
2479 4303 2501 4344 ‚
2568 4265 2937 4361 ,magnus
2993 4255 3292 4337 autem

362 4395 758 4467 nurtzerus
815 4369 1239 4454 ceciderat.
1384 4369 1678 4457 Comes
1726 4376 2016 4459 navim
2063 4369 2313 4484 fitam
2368 4393 2655 4467 contra
2712 4371 3280 4490 Rbgnvalldia·

364 4534 565 4598 nam
604 4500 1104 4618 producebat
1117 4563 1141 4611 ‚
1208 4504 1550 4617 indeqve
1606 4508 2001 4594 acerrime
2027 4510 2601 4625 pugnabatur.
2666 4508 2804 4603 Ita
2819 4512 3151 4620 ‚Arnorz

1196 4808 1220 4847 ·.
1324 4774 1369 4827 «ι
1778 4725 1818 4818 Ῑ
1865 4746 1941 4862 ,2
2383 4802 2386 4807 -
2939 4730 3280 4821 Utrum·
