4100 5284
996 370 1548 464 HISTORIA
1617 365 2489 461 ORCADENSIUM.
2741 368 2747 373 ’
2827 464 2832 471 ,
3086 367 3203 483 63
3267 438 3273 447 .

305 615 642 729 afferens.
777 617 991 705 Cum
1026 599 1309 704 autent
1332 617 1580 726 hujus
1597 616 2071 727 decisionem
2101 568 2205 702 ex
2215 592 2542 728 peteret
2557 679 2580 722 ,
2629 591 2951 728 diversa
2967 617 3210 702 valde
3282 617 3362 684 A.
3392 617 3476 685 D·

309 753 743 862 addebant5
788 751 949 836 alii
981 749 1492 862 Rognvaudo
1503 750 1906 861 faventes
1941 745 2485 860 excufimdum
2520 752 2901 837 dicebant
2941 778 3216 863 qvam·
3257 712 3505 821 1046

323 889 443 972 vis
483 913 835 1000 regnum
887 888 1015 972 dit
1032 888 1252 972 idere
1280 892 1527 972 nollet
1542 949 1564 990 ,
1631 885 1791 971 alii
1834 900 2118 972 autem
2153 881 2724 969 Thorfinnum
2762 885 2960 971 licet
2996 888 3221 974 idem

308 1022 413 1106 ad
438 1037 748 1132 tempus
787 1037 1065 1106 tenere
1112 1023 1636 1106 contenderet
1670 1080 1695 1123 ,
1731 1044 1916 1104 cum
1960 1016 2518 1128 R6gnvalldus
2552 1037 2803 1106 antea
2830 1046 3011 1109 eam
3032 1038 3220 1130 par-

319 1170 468 1239 tem
528 1153 913 1240 habuerit
954 1181 1201 1264 qvam
1227 1150 1680 1264 pffderat
1711 1153 2001 1240 Comes
2047 1152 2444 1264 Einarus;
2513 1149 2891 1264 insanum
2925 1170 3213 1264 praete·

314 1314 438 1373 rea
492 1287 906 1396 confilium
924 1350 946 1392 ,
1022 1284 1631 1400 Rfignvalldum
1657 1350 1680 1392 ,
1764 1313 1950 1373 cum
2029 1290 2399 1373 exercitu
2413 1348 2436 1390 ,
2511 1314 2748 1400 qvem
2809 1293 2863 1375 ἐ
2908 1289 3224 1374 duabus

317 1418 747 1531 insularum
773 1421 1171 1532 partibus
1215 1439 1772 1533 compararet,
1833 1448 2020 1507 cum
2071 1417 2548 1507 Thorfinno
2607 1438 2912 1532 praeter
2956 1424 3213 1508 trien·

300 1572 487 1659 tem,
568 1554 1073 1640 Katanefium
1095 1616 1120 1659 ,
1213 1583 1766 1671 magnamque
1817 1555 2107 1641 Scotiae
2140 1571 2513 1666 partem,
2590 1560 2974 1672 integras
3028 1555 3212 1643 Hae-

306 1684 541 1772 budas
598 1692 1010 1777 retinente
1029 1754 1051 1795 ,
1114 1694 1520 1804 congredi.
1718 1690 1992 1778 Erant
2027 1690 2364 1801 qvidant
2408 1693 2554 1802 qvi
2580 1687 3042 1800 fimdebant
3090 1718 3211 1777 re·

312 1823 988 1930 conciliationem,
1060 1823 1169 1914 θ’
1246 1824 1666 1937 rogabant
1727 1841 1828 1908 ut
1890 1825 2184 1912 Comes
2250 1820 2813 1931 Rfignvalldus
2897 1824 3212 1911 Corniti

296 1954 763 2044 Thorfinno
843 1960 1282 2044 dimidiam
1350 1975 1684 2070 partem
1761 1954 2223 2068 insularum
2308 1955 2597 2065 offeret
2631 2019 2655 2061 ,
2731 1983 2887 2067 qvo
2970 1960 3205 2045 modo

302 2088 966 2206 consanguinitas
1041 2118 1319 2180 eorum
1396 2093 1662 2179 adhuc
1738 2119 1897 2180 non
1958 2093 2448 2183 violaretur.
2641 2092 2851 2179 Cum
2917 2106 3202 2177 autem

295 2225 578 2311 Comes
642 2223 1198 2337 Rfignvalldus
1266 2254 1400 2314 eos
1452 2224 1775 2335 diversa
1826 2223 2167 2338 [vadere
2230 2227 2973 2330 animadverteret,
3040 2248 3201 2313 om·
3287 2258 3288 2265 ¹

290 2386 431 2446 nes
485 2386 680 2445 vero
740 2361 799 2443 d
859 2360 1269 2469 resistendo
1307 2360 1990 2466 dehortarentur,
2068 2361 2587 2448 voluntatem
2618 2354 2878 2472 suam
2940 2362 3201 2445 mani·-

272 2493 560 2602 festat,
592 2490 697 2603 se
727 2510 1005 2604 nempe
1055 2496 1285 2581 nulla
1338 2498 1810 2583 conditione
1870 2521 2219 2608 regnum
2255 2495 2717 2604 divisurum
2731 2556 2754 2598 ,
2823 2496 3040 2579 idem
3064 2511 3202 2606 po·
3293 2560 3302 2567 .

293 2628 461 2710 tius
518 2653 617 2711 ea
676 2628 853 2713 vice
920 2628 1309 2738 ceffurum
1327 2691 1355 2732 ,
1406 2654 1842 2744 regemqve
1890 2628 2311 2740 Magnum
2328 2692 2350 2732 ,
2386 2623 2996 2739 fficiumsuum
3022 2655 3202 2716 con-

293 2778 731 2846 venturum
749 2823 775 2866 ,
838 2758 940 2849 θ’
980 2762 1220 2873 qvale
1253 2764 1672 2849 auxilium
1708 2767 1832 2849 ad
1866 2764 2396 2849 retinendum
2433 2786 2779 2875 regnum
2828 2761 2980 2871 ipsi
2993 2777 3200 2871 prae·

262 2892 483 3006 stare
510 2899 747 2980 vellet
761 2957 784 2997 ,
840 2895 996 3005 effe
1012 2897 1563 3008 qvaefiturum.
1695 2895 1869 3007 Post
1884 2897 2057 2983 hoec
2087 2898 2385 2981 itineri
2401 2894 2485 3003 se
2517 2895 2920 3006 accingit,
2958 2896 3200 3002 inqve

288 3024 385 3113 N
388 3028 809 3137 orvegiam
834 3031 1222 3132 tendens,
1276 3058 1442 3118 non
1459 3032 1702 3140 prius
1725 3055 1979 3139 qvam
2008 3029 2316 3140 Regem
2348 3026 2771 3132 Magnum
2793 3028 3198 3128 convenit,

257 3155 625 3272 ficbfistit
638 3222 662 3263 ,
704 3187 1038 3273 cumque
1064 3160 1162 3250 eo
1192 3162 1563 3272 veniffi’t‚
1598 3186 1781 3247 rem
1796 3220 1818 3264 ,
1872 3177 1981 3245 ut
2005 3156 2109 3272 je
2148 3157 2541 3260 habebat,
2596 3156 2787 3274 *regi
2823 3158 3197 3266 exponit.

276 3291 459 3379 Rex
521 3290 1130 3404 Rbgnvassdum
1172 3296 1659 3383 humaniter
1712 3297 2164 3405 exceptum
2208 3292 2318 3376 ad
2361 3284 2641 3404 secum
2703 3315 3198 3378 commoran-

276 3428 485 3511 dum
532 3430 926 3539 qvamdiu
972 3427 1124 3540 ipfi
1152 3428 1517 3539 placeret
1537 3494 1558 3533 ,
1609 3427 2344 3541 praeftilurarnqve
2370 3442 2730 3529 tantam,
2773 3442 3089 3538 qvanta
3106 3427 3198 3530 fi?

253 3556 602 3670 ficosqve
623 3558 1087 3672 sustentare
1117 3560 1348 3646 laute
1373 3565 1627 3673 poffit
1648 3625 1676 3667 ,
1719 3566 1781 3648 d
1798 3562 1901 3672 se
1945 3557 2500 3671 capescendam
2518 3620 2542 3662 ‚
2607 3563 2934 3644 invitat
2949 3589 2986 3665 ,·
3055 3558 3192 3642 cui

273 3688 838 3799 R6gnvalldus
890 3699 1207 3807 regerit
1230 3694 1335 3802 ste
1397 3697 1812 3783 auxilium
1864 3699 1979 3780 ad
2021 3719 2369 3808 regnum
2390 3690 2648 3799 suum
2722 3707 3190 3799 recuperan-

275 3826 477 3909 dum
515 3825 619 3908 ab
663 3820 822 3934 ipso
866 3844 1239 3937 expetere
1252 3890 1275 3932 ,
1335 3831 1547 3941 qvod
1578 3826 1816 3938 illese
1830 3892 1852 3934 ,
1895 3829 2166 3938 juxta
2190 3829 2554 3936 petitum
2571 3885 2595 3927 ,
2630 3822 3187 3933 praestiturum

261 3958 726 4067 promittit.
858 3959 1545 4048 Commorabatur
1599 3989 1759 4050 non
1808 3966 1955 4049 diu
2010 3964 2101 4044 in
2153 3959 2243 4041 N
2248 3957 2585 4066 orvegia
2629 3951 3190 4065 Rfiguvalldus

258 4090 746 4201 priusqvam
770 4094 861 4177 in
906 4090 1257 4176 Orcades
1292 4100 1460 4179 iter
1470 4091 1920 4208 susciperet
1935 4158 1957 4199 ,
1990 4117 2294 4202 magno
2322 4085 2910 4200 conspicuoque,
2951 4115 3190 4201 qvem

270 4224 450 4310 Rex
479 4222 846 4333 Magnus
876 4229 956 4310 ei
978 4227 1508 4335 adjunxerat,
1543 4232 1912 4314 exercitu
1918 4227 2316 4337 stipatus,
2363 4219 2681 4307 talibus
2695 4239 3103 4332 praeterea
3131 4225 3196 4308 d

275 4357 493 4470 Rege
538 4359 889 4462 additis,
953 4362 1170 4470 qvod
1185 4357 1457 4443 Kalfus
1475 4363 1680 4446 Arni
1715 4364 1807 4445 in
1823 4356 2251 4468 Norvegia
2275 4352 2768 4468 praedt'asua
2785 4353 3191 4465 <poffi²ffio·

279 4488 455 4597 nes)
464 4487 1027 4601 publicamqve
1028 4490 1581 4601 securitatem
1610 4496 2009 4579 retineret
2023 4553 2043 4592 ,
2099 4520 2128 4575 z
2163 4493 2250 4573 in
2265 4485 2481 4574 hisce
2515 4488 2815 4575 litibus
2843 4514 3027 4576 cum
3044 4488 3113 4576 C
3112 4514 3191 4574 o·

280 4622 479 4709 mite
488 4619 637 4708 Th
644 4621 967 4708 orfinno
983 4625 1755 4736 intervenientibus,
1773 4631 1834 4715 d
1833 4625 2220 4737 partibus
2210 4622 2480 4734 staret
2494 4617 3184 4836 Rfignvalldligmia

3015 4759 3181 4834 1⁴ae-
