4100 5284
1145 317 1684 409 HISTORIA
1742 319 2614 411 ORCADENSIUM
3140 343 3250 436 25
3272 343 3322 436 ς

402 559 544 669 qvi
589 560 680 643 in
729 559 1042 648 itinere
1053 557 1416 673 spoliati
1441 562 1803 675 fuerant
1859 570 1922 654 d
1944 565 2279 670 Sveine,
2337 568 2625 652 mittit
2659 564 2765 655 ἔθ’
2806 567 2997 678 ipsis
3036 569 3322 658 damni
3375 575 3452 641 A.
3484 577 3565 644 D:

403 693 966 801 quantitatem
1005 697 1556 784 determinare
1600 702 2001 803 concedit,
2064 698 2340 784 ablati
2378 701 2667 810 cuiqve
2700 700 3066 788 valorem
3103 702 3318 812 resti·
3348 689 3445 853 ldl
3462 691 3587 777 42

397 841 661 911 tuens.
789 825 1065 911 Sveini
1094 832 1360 915 etiam
1396 833 1872 918 deducendae
1896 861 2004 918 ex
2035 829 2495 917 orcadibus
2522 836 2812 920 uxoris
2834 834 3322 944 potestatem
3337 806 3602 992 ²133

397 960 586 1064 dat,
647 984 747 1044 ac
807 958 1187 1046 honorem
1227 967 1319 1047 in
1353 963 1654 1070 Scotia,
1724 992 1876 1076 qvo
1909 966 2119 1051 bene
2159 983 2590 1052 contentus
2639 965 2785 1076 effi
2809 964 3087 1077 poffit,
3140 985 3325 1078 pro·

401 1094 713 1181 mittit.
844 1090 1149 1177 Sveinn
1177 1096 1691 1183 voluntatem
1693 1095 1951 1209 suam
1977 1102 2165 1213 regi
2197 1103 2506 1210 aperit,
2572 1102 2848 1186 dicens
2876 1093 2983 1209 st
3045 1103 3320 1210 cupire

379 1239 487 1307 nt
533 1216 995 1335 Margadus
1054 1231 1276 1339 apud
1330 1225 1587 1339 ipsum
1629 1250 2139 1341 remaneret3
2176 1228 2281 1340 Je
2342 1250 2627 1318 autem
2683 1234 2753 1321 C
2752 1235 2996 1320 omiti
3043 1234 3316 1345 R6gn·

388 1354 657 1442 valldo
753 1377 905 1470 per
997 1364 1392 1447 nuncium
1483 1364 2092 1468 reconciliaret,
2154 1401 2165 1408 -
2202 1366 2470 1450 totius
2564 1364 2755 1450 litis
2846 1367 3317 1476 decisionem

384 1492 726 1577 comitis
751 1494 1115 1581 arbitrio
1167 1492 1767 1604 commifficrum
1788 1558 1812 1599 ,
1862 1493 1952 1602 le
1981 1492 2316 1605 semper
2353 1513 2552 1606 pace
2613 1500 2843 1584 inter
2886 1494 3097 1608 ipsos
3134 1526 3315 1587 con·

387 1639 748 1728 tentum,
812 1623 1136 1735 dtffidia
1190 1653 1410 1740 aegre
1446 1627 1710 1733 serre.
1839 1628 2191 1742 Regerit
2250 1628 2435 1713 Rex
2492 1627 2762 1713 David
2782 1692 2804 1734 ,
2866 1646 3306 1742 utrumqve

368 1754 560 1863 jam
620 1758 750 1869 ‚est
825 1761 1042 1868 qvod
1095 1759 1165 1847 C
1163 1779 1383 1846 omes
1457 1760 1593 1845 hic
1652 1762 1955 1872 ahsqve
2033 1761 2277 1847 dnbio
2332 1759 2658 1847 laudem
2717 1777 3140 1847 mereatur
3201 1761 3312 1852 Εθ’

385 1892 602 2000 qvod
654 1893 753 1977 id
807 1895 870 1978 d
924 1892 1195 1996 vobis,
1292 1895 1437 2004 qvi
1498 1895 1727 1978 illum
1788 1890 2307 2005 cognostitis,
2362 1895 2928 1983 contendatur.
3054 1896 3310 1982 Nunc

383 2025 466 2108 ei
522 2020 867 2134 confidis
883 2087 909 2130 ,
972 2051 1152 2137 qvae
1213 2043 1498 2113 autem
1560 2027 1730 2112 tibi
1785 2024 2214 2135 offerimus
2270 2025 2508 2136 mtffie
2542 2023 2804 2135 sacis.
2994 2026 3305 2113 Sveinn

376 2159 604 2268 regis
677 2162 1153 2245 amicitiam
1211 2160 1385 2268 fibi
1464 2162 1558 2246 in
1605 2159 2008 2270 posterum
2046 2156 2446 2266 firmam,
2538 2176 2923 2244 attamen
2983 2176 3089 2245 nt
3145 2160 3294 2249 hoc

381 2293 765 2376 concedat
797 2355 821 2396 ‚
886 2294 1231 2403 expetit.
1372 2293 1706 2387 Annuit
1763 2292 1947 2378 Rex
1992 2291 2415 2402 precibus,
2505 2289 2610 2381 ἔθ’
2642 2278 3317 2403 septentrionem

379 2424 659 2525 versus
719 2428 816 2511 in
883 2422 1248 2511 Orcades
1306 2429 1426 2512 ad
1478 2427 1886 2514 Comitem
1912 2510 1916 2516 ,
1947 2424 2273 2538 legatos
2332 2451 2518 2510 cum
2578 2427 3059 2512 muneribus
3105 2430 3300 2513 mit·

392 2557 549 2658 tit,
632 2562 1071 2668 expetendo
1129 2576 1233 2644 ut
1294 2558 1681 2645 Sveinem
1727 2560 1901 2669 fibi
1959 2557 2482 2645 reconciliari
2520 2559 2859 2669 sineret.
2991 2559 3311 2647 sveina

382 2690 646 2774 etiam
702 2692 965 2799 stmul
1034 2695 1129 2779 in
1201 2692 1515 2805 insulas
1588 2694 2044 2779 revertitur
2057 2754 2082 2796 ,
2175 2687 2632 2802 Margadus
2721 2707 3007 2777 antem
3081 2693 3315 2804 apud

373 2845 657 2935 regem
729 2843 1132 2912 remanet.
1321 2827 1625 2940 Legati
1682 2826 1942 2938 Regis
1969 2822 2340 2906 Davidis
2417 2824 2800 2910 comitem
2857 2821 3294 2934 Rfignvall·

384 2951 585 3038 dum
664 2963 1198 3066 conveniunt,
1296 2956 1395 3048 ἔθ’
1456 2961 1564 3044 ab
1627 2954 1785 3067 ipso
1811 3018 1838 3059 ,
1896 2983 2255 3041 unacum
2323 2957 2559 3042 donis
2623 2958 2689 3040 d
2744 2982 2935 3067 rege
2996 2954 3291 3065 mtffi's,

376 3086 731 3202 benigne
821 3095 1350 3202 excipiuntur
1433 3092 1853 3204 pollicetur
1934 3087 2687 3173 reconciliationem
2779 3113 3042 3173 comes
3067 3148 3091 3193 ‚
3187 3086 3294 3178 ἔθ’

378 3216 764 3306 Sveinem
852 3226 1150 3310 exinde
1245 3228 1335 3310 in
1422 3244 1701 3337 pacem
1800 3219 1906 3311 ἔθ’
1987 3221 2323 3331 plenam
2407 3222 2880 3308 amicitiam
2957 3223 3293 3333 recipit,

370 3353 638 3463 postea
698 3357 790 3442 in
841 3360 1160 3468 praedia
1188 3356 1362 3467 sua
1421 3360 1921 3444 redeuntem.

855 3729 1342 3867 caedes
1408 3727 1985 3867 Comitis
2072 3617 2807 3868 Walthiofi.

372 3943 495 4139 P
493 4052 847 4169 ostc1vam
881 4057 1394 4171 reliqverant
1422 4051 2112 4166 Lambaburgum
2148 4052 2454 4140 Sveinn
2483 4050 2588 4141 ἔθ’
2601 4047 3055 4162 Margadus
3071 4115 3094 4156 ‚
3154 4079 3289 4140 ur·

370 4185 568 4271 bani
595 4189 693 4271 id
729 4190 1045 4298 consilii
1086 4212 1358 4303 cepere
1403 4211 1503 4279 nt
1555 4192 1897 4278 eandem
1942 4188 2228 4273 urbem
2275 4190 2365 4270 in
2421 4188 2753 4270 comitis
2795 4183 3285 4295 Rognvalldi

365 4318 847 4429 potestatem
907 4326 1310 4412 dederent.
1456 4324 1791 4442 Qaerit
1852 4319 2140 4406 Comes
2198 4319 2405 4428 qvid
2461 4317 2863 4404 ultimum
2922 4321 3022 4405 de
3065 4318 3301 4405 Svei··
3414 4343 3421 4348 ·

375 4471 480 4534 ne
577 4446 682 4540 ἔθ’
775 4454 1155 4567 Magado
1234 4457 1541 4570 referre
1614 4453 1967 4566 poffent5
2069 4445 2446 4537 dicebant
2520 4476 2760 4557 vera,
2847 4477 3021 4563 qvae
3100 4481 3283 4537 cnm

529 4619 538 4625 ·
2946 4586 3283 4669 audiret
