4100 5284
1217 325 1753 420 HISTORIA
1816 331 2682 427 ORCADENSIUM·
2951 390 2960 399 -
3211 338 3389 431 425

502 563 721 652 Hinc
785 568 1068 656 Comes
1131 569 1196 682 J
1197 572 1394 657 ones
1449 592 1597 683 per
1649 580 2038 664 nuncium
2069 565 2563 687 sollicitatus
2603 599 2697 667 ut
2735 577 3176 691 episcopum
3213 599 3400 659 cum
3458 551 3542 621 A.
3566 549 3655 618 D·

498 693 914 806 indigenis
964 699 1449 786 conciliaret
1464 702 1795 812 prorsus
1827 707 2148 791 abnuit.
2278 709 2565 795 Coloni
2592 710 2860 821 postea
2924 735 3029 794 ex
3089 719 3395 805 monte,

494 827 1002 917 vehementes
1065 835 1504 920 decurrunt
1520 899 1541 939 ‚
1605 844 1817 946 qvod
1847 862 2028 921 cum
2105 837 2428 921 videret
2471 834 2682 920 Rafn
2724 833 3023 949 legifer
3037 895 3061 937 ‚
3125 826 3402 940 epifi-o·

489 980 708 1073 pum,
764 985 862 1051 ut
903 971 1248 1077 qvodam
1276 971 1511 1055 niodo
1525 968 1697 1077 fibi
1738 965 2180 1075 consuleret
2195 1030 2216 1072 ,
2246 969 2617 1075 monuit,·
2685 968 3073 1054 bibebant
3102 963 3193 1046 in
3225 983 3396 1044 con·

495 1101 968 1211 tignatione
1034 1106 1385 1212 qvadam
1411 1167 1433 1208 ,
1510 1106 1627 1190 ad
1682 1128 1927 1213 qvam
2006 1104 2204 1208 cum]
2267 1100 2555 1187 incolae
2629 1111 3009 1189 venirent
3024 1159 3047 1201 ,
3124 1114 3397 1178 mona·

495 1224 692 1312 chus
708 1291 732 1333 ‚
805 1234 896 1317 in
926 1234 1170 1338 fores
1227 1233 1613 1348 egreffus5
1679 1236 1772 1317 in
1834 1236 2193 1319 mediam
2236 1235 2561 1342 faciem
2627 1233 2970 1317 caeditur
3036 1230 3139 1320 ἔθ’
3181 1255 3388 1315 utor-

498 1379 700 1448 tuus
760 1368 990 1454 intro
1052 1368 1567 1475 revolvitur;
1634 1367 1806 1454 Hoc
1868 1396 2051 1454 cum
2107 1368 2446 1482 eprfiopo
2484 1368 2935 1479 referretur
2948 1431 2971 1473 ,
3034 1363 3389 1481 regeffit5

491 1523 654 1584 non
716 1506 959 1613 prius
1036 1533 1281 1615 qvam
1346 1530 1536 1591 vero
1607 1486 1887 1609 stneile
1949 1522 2137 1590 erat
2198 1509 2476 1593 evenit
2491 1569 2515 1609 ‚
2598 1506 2907 1616 nostras
2984 1506 3206 1591 enim
3261 1526 3393 1586 res

481 1628 730 1738 fivafie
765 1627 911 1742 suo
966 1629 1281 1743 semper
1342 1637 1915 1748 aggravavit;
1981 1633 2409 1745 Episcopus
2472 1640 2758 1725 deinde
2819 1625 3169 1723 Rafnem
3207 1695 3229 1738 ‚
3291 1648 3391 1717 ut

496 1770 798 1853 colonis
853 1769 1301 1872 indicaret,
1344 1768 1431 1878 se
1499 1797 1684 1856 cum
1750 1771 1864 1852 iis
1908 1769 2201 1878 pacari
2243 1774 2436 1854 velle
2452 1830 2474 1871 ‚
2531 1771 2870 1883 rogavit
2894 1831 2919 1872 ,
2980 1767 3194 1877 qvod
3211 1788 3394 1849 cum

494 1899 885 2016 audirent
899 1962 921 2001 ,
981 1924 1256 1986 omnes
1270 1963 1292 2003 ‚
1355 1903 1502 2011 qvi
1559 1901 2133 2012 prudentiores
2200 1915 2481 2003 erant,
2546 1899 2827 1985 laetati
2873 1897 3071 2006 funt
3097 1957 3120 1998 ‚
3184 1892 3396 1978 unde

485 2034 882 2148 ‘Pl'fi'Opus
900 2098 923 2140 2
1020 2064 1154 2125 805
1245 2054 1794 2136 conventurus
1809 2099 1837 2143 ‚
1938 2040 2288 2156 egreffus
2362 2042 2468 2152 est
2485 2105 2507 2146 ‚
2632 2067 2870 2152 qvem
2931 2064 3115 2125 cum
3175 2039 3391 2125 vide·

487 2189 678 2257 rent
724 2176 1083 2284 pejora,
1140 2175 1442 2284 furore
1504 2180 1673 2268 aaz·
1692 2247 1716 2287 ,
1778 2183 2037 2294 ipsum
2059 2247 2082 2289 ,
2186 2176 2859 2291 comprehensum,
2965 2178 3056 2261 in
3121 2200 3215 2260 ca
3213 2170 3396 2285 lam

481 2312 887 2418 qvandant
907 2375 931 2417 ‚
1029 2319 1165 2399 cui
1237 2318 1516 2430 ignem
1589 2321 2135 2406 admovebant
2151 2380 2174 2421 ‚
2280 2313 2852 2421 detrufi’runt5
2952 2312 3113 2396 haec
3190 2335 3383 2395 vero

482 2447 649 2531 cito
679 2449 874 2535 adeo
902 2450 1296 2558 combusta
1336 2452 1443 2560 est
1457 2515 1479 2556 ‚
1527 2470 1649 2557 ut,
1712 2456 1859 2563 qvi
1906 2449 2249 2562 epifiopo
2293 2446 2695 2560 opitulari
2726 2445 3072 2547 voluere,
3125 2472 3213 2529 re
3269 2447 3390 2528 in-

467 2579 710 2684 setta
741 2582 1130 2691 distedere
1162 2606 1674 2700 cogerentur.
1806 2590 2043 2674 Obiit
2077 2588 2251 2673 heic
2284 2580 2681 2695 eptfiopus
2710 2578 3120 2682 AdamuS‚
3157 2580 3391 2684 cujus
3446 2685 3463 2704 x

494 2717 843 2802 cadaver
862 2779 885 2819 ‚
946 2744 1129 2802 cum
1204 2720 1725 2806 inveniretur
1760 2784 1783 2826 ,
1871 2739 2175 2848 parunt
2239 2732 2695 2803 crematum
2724 2777 2747 2818 ‚
2836 2716 3204 2801 decenter
3282 2706 3415 2830 &t

489 2848 793 2957 honeste
811 2848 1325 2960 sepelierunt
1337 2884 1372 2962 ,·
1461 2856 1639 2975 Qi
1693 2875 1974 2942 autem
2023 2855 2204 2966 prae
2261 2855 2461 2940 aliis
2519 2854 2772 2940 amici
2814 2847 3166 2955 fuerant
3227 2848 3385 2957 epi·

464 2985 689 3095 ftopi
750 2988 1070 3099 legatos
1141 2991 1543 3100 miserunt
1602 2998 1717 3079 ad
1788 2977 2068 3106 regem
2144 2993 2584 3079 Scotorum
2605 3052 2628 3094 ,
2739 3005 2937 3072 tunc
2998 2986 3388 3094 temporis

481 3115 1043 3208 Alexandrum
1066 3186 1088 3223 ,
1166 3120 1456 3232 filium
1515 3129 1743 3238 regis
1820 3111 2235 3209 vilhelm(
2263 3111 2583 3233 fimtig-
2669 3126 2752 3211 Is
2818 3152 3009 3212 vero
3089 3118 3385 3206 relatis

481 3245 877 3370 graviter
972 3263 1167 3348 adeo
1237 3262 1742 3375 iraftebatur
1777 3325 1801 3367 ‚
1913 3282 2013 3349 ut
2090 3264 2575 3375 posterorum
2658 3263 3073 3350 memoria»
3147 3255 3387 3342 inhae·

478 3406 724 3475 reaut
785 3390 1262 3500 afflictiones
1326 3418 1697 3504 qvarum,
1755 3391 1920 3503 post
1984 3395 2447 3479 incendium
2504 3389 2879 3503 episcopi,
2942 3406 3186 3476 autor
3247 3412 3383 3472 ex·

491 3521 690 3602 titit
708 3580 731 3622 ,
823 3520 1171 3605 laedendo
1238 3523 1805 3631 occidendoqve
1820 3582 1843 3626 ‚
1905 3518 2338 3631 spoliando
2404 3550 2539 3610 res
2599 3521 2936 3608 mobiles
2996 3516 3099 3607 ἔθ’
3176 3517 3383 3600 indi·

474 3678 738 3769 genas
819 3681 862 3739 e
938 3659 1269 3770 regione
1353 3658 1830 3765 expellendo.
2023 3658 2186 3742 Res
2253 3660 2524 3771 gestas
2606 3652 3181 3742 Orcadenfium
3259 3650 3376 3733 di·

463 3782 850 3893 stinc‘iius
864 3848 888 3890 ‚
952 3816 1198 3898 qvam
1240 3787 1515 3899 stupra
1567 3806 2039 3877 memoratae
2094 3790 2327 3901 sunt,
2420 3794 2698 3881 literis
2756 3791 3151 3877 mandare
3219 3808 3380 3889 non

470 3916 898 4027 poffumus.

1562 4165 2312 4241 ⁴5÷o÷w÷÷÷sv

1754 4545 2157 4680 Hhh·
