4100 5284
1211 362 1745 464 HISTORIA
1838 367 2136 461 ORCA
2146 367 2707 464 DENSIUM.
3231 382 3411 482 401

514 610 727 731 hanc
785 638 892 699 ex
925 628 1215 721 pompa
1261 615 1995 702 denominaverunt
2034 618 2511 725 piraticam.
2660 613 2969 704 Sveinn
3047 614 3160 700 ad
3197 610 3416 702 villi·
3464 620 3547 688 A.
3572 619 3667 699 α’

508 746 914 830 cationem
947 743 1486 854 Garekseyiae
1540 749 1799 832 rediit
1810 777 1845 856 ,-
1887 743 2393 857 spoliaverat
2449 747 2698 833 ciolos
2743 750 2938 834 vino
2983 746 3209 832 haud
3226 746 3455 868 ἐκί-

501 910 670 996 guo
739 880 844 971 ὅθ’
894 882 1143 990 mulso
1202 882 1454 996 Angli
1462 910 1590 972 co,
1785 883 2202 995 Postqvam
2266 910 2424 970 non
2478 884 2625 968 diu
2689 883 2909 998 domi
2958 879 3417 987 manserat,

507 1018 917 1103 Comitem
975 1016 1458 1102 Haralldum
1487 1080 1510 1123 ,
1554 1020 2021 1103 invitatum
2036 1079 2060 1120 ,
2113 1016 2343 1102 lauto
2424 1017 2736 1125 excipit
2786 1014 3159 1100 convivio
3178 1073 3202 1115 ,
3282 1015 3416 1099 cui

419 1229 424 1234 .
504 1174 689 1233 cum
804 1148 1215 1267 intereffet
1229 1212 1252 1253 ,
1340 1148 1610 1235 multa
1689 1149 1785 1233 de
1856 1146 2174 1234 Sveinis
2256 1145 2791 1252 ‚liberalitate
2864 1145 3122 1232 locuti
3167 1142 3410 1258 sunt.
3490 1252 3497 1258 ι

505 1280 799 1368 Vellem
859 1278 1202 1385 Sveinn,
1266 1277 1557 1388 inserit
1622 1265 1943 1383 Comes,
2008 1278 2419 1364 militiam
2464 1276 2788 1385 miffam
2836 1276 3188 1385 faceres,
3215 1281 3413 1386 jam

497 1418 889 1508 incolumi
942 1422 1269 1510 domum
1329 1419 1647 1529 rediiffe
1688 1419 2056 1531 prodest5
2121 1435 2409 1503 verum
2457 1407 2629 1518 scis
2692 1422 2907 1527 qvod
2939 1436 3025 1506 te
3066 1431 3411 1533 tuasque
3496 1523 3504 1528 α

500 1559 773 1668 copias
818 1561 1181 1667 piratica
1237 1562 1382 1645 diu
1411 1560 2003 1671 sustentaveris
2020 1622 2045 1662 ,
2110 1559 2227 1669 ast
2251 1556 2653 1670 plurimis
2677 1554 2976 1663 fatum
3016 1552 3134 1664 ‚est
3198 1558 3413 1641 viris

509 1691 830 1799 ‘iniqvis
889 1707 989 1775 ut
1051 1695 1145 1776 in
1197 1692 1556 1797 militia,
1619 1691 1779 1802 mst'
1838 1695 1946 1781 ab
2009 1696 2294 1779 eadem
2358 1690 2510 1801 ipsi
2573 1688 3081 1798 abstineant,
3144 1691 3417 1775 vitam

494 1826 909 1910 amittant
922 1854 955 1933 ,-
1020 1821 1452 1935 Respondit
1520 1827 1828 1912 Sveinn
1846 1889 1869 1931 ,
1934 1853 2120 1940 cum
2182 1822 2438 1912 oculis
2495 1820 2589 1906 in
2630 1819 3035 1905 Comitem
3086 1847 3405 1909 conver·

483 1951 613 2059 fis
646 1949 1161 2063 subrideret,
1240 1955 1500 2041 amice
1566 1953 1669 2043 θ’
1737 1975 1926 2069 apte
1988 1958 2154 2043 haec
2219 1952 2441 2043 dicta
2506 1954 2710 2060 sunt
2774 1951 3099 2036 domine
3113 2011 3136 2053 ,
3190 1951 3406 2060 salu·

503 2083 693 2169 bria
755 2085 1018 2171 etiam
1099 2103 1254 2174 tua
1331 2091 1661 2198 confilia
1709 2092 1943 2205 seqvi
2015 2093 2391 2205 proficiet
2407 2154 2431 2197 ,
2517 2107 2904 2177 caeterum
2957 2101 3411 2195 queruntur

496 2219 832 2328 qvidam
914 2239 1002 2308 te
1070 2242 1374 2334 parum
1458 2250 1774 2337 ceqvum
1853 2227 2051 2338 esse5
2143 2230 2316 2345 Ego
2342 2294 2367 2337 ,
2428 2235 2749 2348 regerit
2813 2251 3079 2314 comes
3094 2285 3118 2328 ,
3178 2245 3407 2308 meas

498 2374 631 2436 res
695 2356 1018 2460 curabo,
1079 2383 1320 2474 nugae
1358 2388 1554 2447 vero
1610 2363 1828 2472 apud
1883 2390 2013 2449 me
2078 2366 2171 2447 in
2218 2361 2455 2474 caula
2490 2364 2752 2476 sunt3
2819 2353 3040 2449 Huic
3075 2358 3406 2462 Sveinn,

496 2490 796 2586 bonum
864 2491 1161 2596 absqve
1225 2495 1470 2581 dubio
1533 2498 1899 2584 intendis
1973 2503 2345 2611 domine3
2393 2498 2562 2613 fiet
2642 2505 2931 2605 etiam,
3004 2517 3107 2586 ut
3182 2495 3407 2584 mili·

479 2631 719 2714 tiam
780 2633 873 2715 in
925 2631 1327 2742 posterum
1390 2628 1713 2740 averfir
1729 2696 1752 2738 ,
1832 2639 2230 2747 comperio
2294 2641 2518 2724 enim
2576 2666 2709 2725 me
2763 2634 3205 2749 finestere,
3269 2665 3399 2725 ve·

493 2786 717 2846 rum.
763 2764 987 2850 vires
1065 2767 1159 2850 in
1237 2765 1522 2855 labore
1592 2773 1748 2858 udo
1827 2768 1931 2861 ἔθ’
1992 2772 2316 2858 militia
2396 2769 2761 2859 multum
2853 2769 3399 2876 minuuntur,-

501 2895 750 2985 Nunc
811 2903 1381 2990 autumnalem
1418 2902 1873 3017 suscipiam
1918 2906 2372 3016 piraticam
2388 2971 2412 3011 ‚
2476 2929 2724 3015 qvam
2754 2926 3011 2988 verna
3029 2899 3408 3010 proxime

498 3034 1013 3119 antecedenti
1058 3033 1420 3145 succeffic
1496 3066 1658 3125 non
1723 3035 2070 3145 inferior
2078 3062 2207 3121 em
2286 3053 2810 3147 exoptarem5
2890 3035 3039 3118 hac
3116 3050 3398 3118 autem

477 3160 782 3271 finita,
873 3162 1212 3252 mi'litiae
1289 3193 1447 3256 non
1510 3166 1869 3256 ulterius
1934 3166 2265 3253 vacabo·
2393 3167 2543 3255 Ad
2599 3168 2763 3251 hoec
2835 3165 3116 3252 Comes
3127 3192 3162 3271 ,·
3237 3188 3401 3248 non

475 3293 746 3404 facile
810 3296 915 3407 est
971 3301 1452 3409 praevidere,
1514 3318 1803 3386 utrum
1872 3301 2192 3389 lethum
2252 3326 2363 3387 an
2422 3303 2763 3387 diutina
2804 3297 3167 3408 fortuna
3200 3314 3405 3407 prae·

501 3429 822 3518 veniat.
950 3431 1123 3541 Post
1164 3434 1329 3519 haec
1370 3434 1742 3546 colloqvio
1804 3430 2031 3539 finis.
2194 3434 2566 3544 Dtscedit
2624 3439 2685 3522 ἅ
2743 3438 3155 3539 convivio,
3229 3433 3399 3521 exi-

494 3560 696 3642 miis
757 3561 1081 3646 ditatus
1134 3566 1643 3670 muneribus,
1708 3566 2000 3653 Comes
2063 3563 2535 3674 HarallduS,
2600 3570 2837 3676 cujus
2868 3595 3052 3658 cum
3079 3566 3397 3654 Sveinis

496 3708 691 3780 tunc
752 3705 1058 3806 qvoqve
1120 3694 1450 3808 inuitus,
1491 3723 1747 3785 amor.

999 3934 1497 4069 Militia
1586 3936 2096 4073 Sveinis
2182 3940 2896 4094 Asleifidae.
2968 3954 2975 3960 ’

485 4108 759 4310 Non
836 4220 1096 4306 multo
1151 4219 1326 4330 poll
1391 4218 1698 4306 Sveinn
1774 4222 2121 4309 militiae
2158 4219 2259 4332 se
2327 4227 2700 4339 accingit
2718 4288 2740 4329 ,
2793 4223 3134 4336 septem,
3192 4225 3393 4337 'qva-

490 4376 675 4439 rum
714 4354 1069 4469 fingulae
1133 4377 1493 4467 magnae,
1560 4357 1921 4441 navibus
2000 4352 2277 4469 longis
2354 4356 2786 4465 instructus
2798 4387 2833 4467 ,-
2912 4359 3393 4448 Comitatur

1817 4488 1892 4574 E
1909 4515 1953 4572 e
1972 4516 2018 4574 e
2086 4509 2139 4577 2
2954 4574 2962 4583 .
3202 4518 3389 4580 eum
