4100 5284
1191 372 1730 504 HISTORIA
1796 375 2659 512 oRcADENSJUM.
3235 399 3403 490 301

464 641 751 710 autem
785 619 1060 708 altera
1105 623 1356 706 navis
1391 615 1800 733 substitit,
1859 618 2123 731 flante
2171 640 2423 708 vento
2465 620 3040 733 obnavigavit.
3165 623 3389 712 Sunt
3439 610 3515 683 A.
3554 613 3639 680 D.

459 756 553 840 hi
586 770 868 841 autem
902 780 1008 839 ex
1036 755 1424 839 euntibus
1456 757 1815 864 qvidam.
1944 755 2121 865 Post
2176 751 2341 841 haec
2383 757 2673 842 Comes
2714 748 3159 872 episeopum
3201 786 3388 848 cum
3437 728 3470 795 ¹
3500 728 3533 795 Ῑ
3560 725 3676 816 54
3794 827 3797 836 .

430 887 798 1003 singulis
872 890 1217 973 navium
1310 889 2006 1002 gubernatoribus
2076 890 2192 974 ad
2226 889 2335 997 se
2413 884 2766 1012 arceſjit1
2796 882 2920 991 1&
2970 871 3395 1001 seqveni‘i·

448 1023 603 1107 bus
662 1019 1006 1130 affatur.
1207 1021 1406 1148 Vos,⁸
1497 1021 1771 1131 inqvit
1789 1085 1814 1127 ‚
1916 1024 2340 1110 dominum
2428 1022 2865 1134 epist-opum
2944 1015 3052 1107 Εἴ
3132 1021 3395 1112 Erlin·

457 1180 669 1265 gum
734 1172 1185 1269 cognatum
1262 1182 1536 1248 meum
1624 1157 1720 1239 a'e
1819 1155 1975 1242 hac
2073 1182 2165 1240 re
2218 1158 2339 1240 -in
2423 1155 2837 1264 confilium
2914 1177 3116 1243 voco
3141 1159 3186 1245 ?
3274 1188 3389 1252 an

438 1290 750 1376 videtis
827 1286 1298 1399 consultum
1395 1304 1551 1373 aut
1626 1288 1915 1397 ansam
1933 1351 1955 1392 ‚
2021 1289 2287 1398 cujus,
2339 1307 2477 1400 ope
2555 1317 2697 1378 eos
2766 1293 2920 1406 qvi
2965 1283 3384 1386 Dromun-

440 1420 553 1507 do
648 1421 1063 1508 vehuntur
1121 1418 1519 1533 superare
1588 1420 2022 1533 pofflmus?
2121 1419 2570 1532 Respondet
2643 1429 3079 1546 epffcopm2
3185 1434 3383 1539 Dis:

435 1554 659 1663 ficile
743 1556 1062 1642 ominor
1136 1556 1370 1642 vobis
1442 1554 1844 1665 futurum
1934 1581 2185 1640 naves
2262 1553 2554 1670 longas
2617 1558 3180 1660 Dromeaario
3246 1591 3379 1684 ap·

415 1677 757 1800 ¹plicare
845 1688 1081 1798 cujus
1159 1705 1411 1774 tanta
1500 1689 1606 1799 est
1688 1688 2055 1775 altitudo
2078 1752 2102 1793 ,
2191 1707 2290 1776 ut
2368 1692 2524 1776 vix
2581 1695 2828 1805 poffit
2904 1732 3055 1792 ora
3136 1708 3384 1793 navis

407 1818 713 1933 securi·
787 1821 1066 1936 longo'
1126 1820 1514 1930 instrulta
1643 1824 2085 1909 manubrio
2121 1884 2145 1927 ‚
2241 1853 2348 1911 ex
2429 1825 2720 1935 nostris
2800 1841 3164 1925 navibus
3256 1856 3382 1927 at·

432 1958 737 2072 tingi5
847 1958 1238 2069 ingerent
1341 1974 1625 2042 autem
1707 1952 2047 2066 sulphur
2141 1955 2246 2046 ἐφ’
2343 1959 2611 2070 picem
2686 1963 3118 2067 fervidam
3200 1973 3376 2086 sub

435 2089 685 2203 pedes
767 2090 1071 2199 vestras
1147 2085 1252 2180 ἔθ’
1299 2090 1561 2202 super
1636 2093 1917 2201 capita
1926 2119 1961 2199 ,·
2027 2090 2298 2198 facile
2376 2095 2610 2179 vides
2688 2098 3018 2210 Comes,
3093 2124 3363 2197 tantae

427 2220 860 2335 sapientiae
920 2227 1098 2328 vir,
1190 2250 1351 2312 non
1414 2226 1872 2348 audendum
1946 2221 2040 2333 fi»
2076 2221 2435 2339 suosqve
2497 2245 2738 2319 tanto
2801 2242 3167 2345 periculo
3236 2266 3371 2330 ex-

420 2375 740 2470 ponere,
874 2359 1024 2447 Ad
1052 2360 1216 2447 haec
1263 2355 1695 2482 Erlingu33
1762 2358 2125 2445 Domine
2147 2419 2172 2462 ‚
2223 2362 2501 2471 inqvit
2518 2424 2539 2465 ,
2592 2369 2932 2482 episcope
2942 2376 2991 2460 „1
3057 2380 3379 2489 verost.

422 2492 620 2578 mile
652 2492 758 2602 est
801 2508 888 2578 te
931 2493 1094 2579 haec
1137 2496 1441 2605 optime
1485 2493 1935 2604 praevidere
1955 2555 1982 2597 ‚
2046 2492 2491 2581 viHoriam
2513 2494 2837 2606 scilicet
2876 2533 2924 2592 e
2955 2512 3373 2626 congrefflc

420 2652 580 2712 non
600 2624 1090 2738 sperandam
1112 2688 1137 2731 ‚
1200 2653 1488 2714 verum
1516 2653 1748 2714 meus
1755 2623 1951 2737 fert
1980 2629 2351 2732 animus,
2412 2634 2628 2740 qvod
2641 2646 3026 2743 qvamvis
3061 2646 3367 2734 drome-

425 2761 760 2847 darium
819 2762 1060 2850 adori
1105 2761 1682 2873 periclitemur
1713 2822 1735 2864 ,
1821 2763 2292 2876 maximum
2353 2787 2778 2854 armorum
2837 2771 3071 2884 usum
3116 2795 3364 2867 extra

427 2919 683 2982 naves
743 2875 1054 3005 nostras
1083 2897 1375 2984 locum
1450 2894 1937 2982 habiturum
1968 2956 1992 2997 ,
2056 2895 2148 3002 fi
2193 2890 2307 3001 (²⁸)
2369 2919 2537 2982 una
2589 2901 2850 2989 alteri
2888 2910 3284 3024 contigua
3314 2943 3354 3023 ,-

414 3026 567 3113 Sin
651 3031 932 3116 minus
946 3092 970 3133 ,
1032 3055 1289 3118 naves
1376 3028 1770 3117 abducere
1850 3028 2016 3113 cito
2089 3026 2496 3152 pofficmus
2509 3092 2534 3134 ‚
2620 3060 2772 3123 nos
2840 3041 3356 3134 dromedario

415 3159 632 3248 velli
720 3189 882 3250 non
956 3161 1516 3273 infeqventur.
1708 3158 1854 3246 Ad
1951 3156 2116 3244 haec
2215 3162 2504 3249 Comes
2529 3225 2553 3266 ,
2648 3169 2930 3257 decent
3025 3179 3342 3290 inqvit,

414 3293 635 3382 talia
729 3293 1092 3408 responstz
1188 3294 1485 3398 virum!
1549 3291 1862 3399 fortem
1894 3355 1919 3398 ‚
2011 3293 2377 3406 mihiqve
2492 3301 3022 3416 perplacent,·
3148 3309 3377 3424 Apeva

413 3430 640 3514 riam
770 3456 983 3516 nunc
1080 3433 1425 3518 navium
1515 3427 2218 3544 gubernatoribus
2317 3434 2848 3550 omnibusqve
2912 3439 3301 3553 subditis
3328 3511 3356 3555 ‚

394 3561 761 3677 fingulis
845 3560 1044 3673 suis
1136 3566 1228 3649 in
1339 3564 1499 3652 loci
1500 3590 1544 3646 s
1628 3586 1867 3647 arma
1935 3558 2522 3674 suscipienda5
2586 3568 2856 3660 'Dein
2953 3605 3142 3665 cum
3236 3584 3355 3667 iis

415 3697 1097 3808 congredientur,-
1171 3698 1264 3806 fi
1349 3714 1630 3784 autem
1729 3693 2177 3803 Christiani
2241 3696 2428 3805 fint
2520 3724 3025 3820 mercatores
3053 3773 3079 3815 ,
3195 3730 3339 3825 po·

409 3826 563 3937 test
657 3853 839 3918 cum
930 3833 1045 3916 iis
1130 3849 1303 3944 pax
1400 3826 1797 3917 contrahi.
2024 3823 2279 3945 Qod
2342 3828 2434 3938 fi
2493 3837 2858 3944 gentiles
2911 3843 3136 3949 sint,
3231 3831 3335 3932 ut

411 3960 625 4045 mihi
707 3959 1109 4078 praefigit
1218 3966 1553 4053 animus
1579 4025 1604 4067 ,
1695 3978 1852 4070 per
1957 3964 2542 4073 omnipotentis
2640 3969 2781 4053 dei
2889 3972 3342 4084 misericor·

412 4093 641 4179 diam
679 4123 838 4214 ‚eos
896 4093 1535 4209 superabimu53
1617 4123 1724 4181 ex
1791 4096 2077 4203 praecia
2157 4113 2440 4182 autem
2513 4125 2761 4208 qvam
2823 4123 3342 4216 reportamus

402 4230 906 4355 pauperibus
1011 4227 1764 4345 qvinqvagefimam
1876 4229 2035 4316 dab
2045 4229 2265 4316 imus
2351 4247 2704 4338 partem.
2959 4241 3337 4355 Rapiunt

406 4358 596 4445 dein
660 4388 901 4449 arma
919 4424 946 4468 ‚
1031 4389 1291 4454 naves
1351 4363 1468 4454 ad
1510 4361 2326 4606 praeliugtpjugzgunt
2388 4359 2492 4451 ἔθ’
2533 4383 2693 4477 pro
2744 4368 3334 4622 jamma?

491 4685 596 4770 (ὓ)
642 4686 855 4750 Alium
888 4688 1001 4749 effe
1050 4685 1279 4753 sensum
1323 4702 1487 4770 puto.
1536 4686 1695 4751 hunc
1730 4681 1802 4747 sc.
1838 4681 1902 4767 fi
1929 4683 2289 4782 latus-lateri
2334 4687 2655 4773 applicetur.
2702 4715 2837 4760 eum
2892 4699 2958 4760 in
3006 4698 3182 4762 finem
3220 4703 3333 4766 tela

672 4788 746 4834 ex
769 4772 1158 4840 Dromedario
1197 4774 1360 4838 miffa
1391 4794 1460 4837 eo
1493 4770 1724 4837 facilius
1751 4783 1909 4834 extra
1931 4770 2183 4833 Conntis
2206 4792 2389 4834 naves
2423 4777 2688 4839 caderent
2706 4823 2723 4854 ‚
2763 4781 2971 4845 effeftu
3000 4786 3270 4858 carentia.
