4100 5284
1217 349 1761 444 HISTORIA
1860 315 2721 448 ORCADENSIUM.
3222 373 3405 470 309
3534 394 3539 398 -

490 598 908 711 Postqvam
972 599 1613 694 Dromedarium
1663 614 2321 687 exoneraverant
2339 663 2361 704 ‚
2426 602 2638 714 igne
2667 603 3001 687 admoto
3061 603 3400 687 eundem
3450 605 3532 672 A.
3563 605 3649 677 D-

487 726 970 820 comburunt
991 793 1016 838 ‚
1077 735 1289 844 qvod
1321 757 1505 818 cum
1553 735 1877 819 videret
1921 760 2277 847 magnus
2309 733 2446 840 istc
2468 737 2610 832 vir
2618 795 2649 838 2
2708 762 2945 846 qvem
2980 737 3401 888 captivum
3435 719 3475 787 1
3504 716 3693 812 154

488 868 933 971 ducebant,
995 865 1655 953 commovebatur
1673 868 1873 954 adeo
1913 884 2014 951 ut
2028 865 2303 975 faciei
2332 868 2712 956 variaret
2740 868 3126 971 colorem,
3184 869 3400 978 qvie·
3732 883 3739 888 ’

479 1018 623 1087 tus
674 1026 1005 1086 manere
1051 1001 1440 1105 neqviens
1461 1060 1486 1102 ,
1563 998 1681 1109 ast
1708 1003 2092 1109 qvamvis
2152 995 2410 1110 ipsum
2476 1006 3076 1112 aHoqverentur
3089 1064 3111 1105 ‚
3174 1018 3398 1086 atta-

413 1223 420 1228 ,
473 1162 662 1220 men
699 1161 946 1245 neqve
990 1130 1511 1243 respondebat
1551 1159 1799 1243 neqve
1856 1121 2257 1237 nutabat,
2294 1159 2437 1222 nec
2474 1134 2669 1242 five
2705 1133 2934 1220 mala
2981 1137 3390 1246 minaren-

470 1285 619 1353 tur
635 1333 655 1371 ‚
709 1267 784 1376 Γ
748 1297 875 1353 ve
907 1267 1118 1353 bona
1145 1270 1768 1376 promitterent,
1796 1237 2302 1353 movebatur.
2432 1267 2757 1379 Postqva
2765 1295 2849 1352 m
2887 1285 3166 1372 autem
3178 1264 3384 1356 Dro*

476 1404 899 1488 medarius
955 1396 1469 1514 conflagrare
1519 1401 1754 1508 caepit
1794 1401 2237 1486 videbatur
2287 1373 2583 1485 ardens
2630 1401 2861 1511 qvali
2912 1401 3241 1486 rivulus·
3287 1404 3384 1487 in

469 1561 705 1634 mare
740 1558 1169 1620 excurrere
1185 1594 1207 1636 ‚
1271 1559 1421 1642 qvo
1469 1549 1755 1643 captus
1807 1531 1946 1642 iste
1991 1535 2133 1617 vir
2170 1533 2903 1644 commovebatur
2851 1597 2874 1636 ,
2941 1536 3158 1622 unde
3204 1561 3378 1621 con-

463 1667 905 1755 eludebant
959 1665 1080 1776 le
1105 1668 1383 1776 minus
1442 1667 1891 1778 diligenter
1943 1691 2227 1779 gazas
2288 1664 2531 1777 qvaes
2525 1692 2571 1750 v
2579 1665 2715 1775 tſje
2733 1728 2755 1769 ‚
2831 1667 3163 1778 jamqve
3217 1694 3375 1755 me·

463 1808 755 1900 talium
777 1862 800 1904 ,
841 1801 1023 1911 sve
1072 1827 1371 1890 aurum
1395 1797 1695 1909 fmffi't
1705 1799 1883 1904 five
1928 1815 2368 1913 argentum
2385 1861 2407 1902 ‚
2470 1795 3019 1914 liqvqf'ac‘lum.
3086 1802 3376 1888 Comes

478 1931 1034 2047 Rognvandus
1076 1961 1259 2018 cum
1283 1930 1464 2052 fitis
1509 1933 1934 2018 meridiem
1980 1928 2263 2040 versus
2307 1932 2423 2016 ad
2450 1924 3009 2024 Serklandiam
3057 1930 3375 2042 cursum

463 2071 753 2156 deinde
797 2070 1215 2184 dirigebat
1231 2130 1255 2172 ‚
1307 2063 1412 2154 ἔθ’
1436 2083 1684 2184 prope
1716 2067 1999 2152 urbem
2035 2043 2447 2177 qvondam
2479 2063 2634 2175 huj
2638 2093 2739 2151 us
2784 2068 3154 2181 regionis
3170 2064 3370 2177 sub·

367 2263 374 2268 -
435 2202 765 2316 fistens,
814 2199 1124 2315 septem
1159 2228 1342 2288 cum
1365 2200 1658 2304 incolis
1688 2200 2009 2304 dierum
2044 2193 2422 2286 inducias
2443 2197 3035 2310 pacisseb'atur,
3076 2226 3370 2322 argen-

460 2355 646 2423 tum
678 2333 779 2425 ΕΤ
815 2363 951 2422 res
1006 2334 1226 2422 alias
1260 2330 1658 2446 pretiosas
1702 2351 1850 2445 pro
1896 2335 2331 2430 eorundem
2359 2337 3040 2450 aeovtpoaentibqs
3067 2366 3366 2425 venun-

455 2471 735 2557 dabat.
861 2469 1076 2557 Erat
1093 2496 1342 2557 nemo
1377 2471 1523 2580 qvi
1551 2469 1960 2582 grandem
2011 2467 2220 2556 hunc
2249 2470 2532 2566 virum
2579 2487 2906 2578 emeret.
2999 2470 3174 2581 Post
3211 2472 3364 2561 hac

456 2604 612 2714 ipfi
628 2605 915 2713 qvinto
943 2603 1305 2701 abeundi
1331 2603 1663 2688 veniam
1727 2602 2011 2692 Comes
2039 2604 2289 2702 dedit.
2421 2599 2859 2716 Descendit
2903 2606 3021 2712 ad
3061 2631 3198 2691 eos
3239 2608 3361 2692 in·

425 2734 862 2848 Jeqventis
910 2736 1078 2823 diei
1117 2761 1359 2823 mane
1376 2799 1398 2840 ‚
1460 2733 2083 2847 manifestatqve
2108 2731 2199 2843 fi‘
2253 2764 2360 2821 ex·
2406 2738 2943 2847 optimatibus
2980 2739 3074 2824 in
3119 2737 3355 2823 Serk·

450 2867 715 2958 landia
744 2868 889 2982 effi’
906 2933 928 2974 ‚
994 2871 1180 2957 inde
1195 2868 1287 2980 fi’
1327 2893 1507 2956 cum
1555 2868 2099 2955 Dromedario
2145 2870 2515 2980 omniqve
2556 2896 2730 2981 qvae
2772 2897 2863 2959 eo
2906 2870 3353 2961 vehebatur

433 3007 786 3118 pecunia
828 3006 1282 3122 redemtum
1333 3001 1478 3110 effi·
1494 3063 1515 3100 ,
1579 3000 2004 3113 aegerrime
2058 2988 2341 3085 autem
2371 3002 2485 3116 Je⁸
2508 3002 2747 3110 serre
2815 3031 2950 3089 eos
3012 3003 3353 3091 Drome·

445 3140 777 3224 darium
811 3138 1178 3223 incendio
1207 3134 1569 3245 deleviffe
1591 3197 1613 3239 ,
1647 3134 1919 3245 ibiqve
1956 3147 2247 3220 tantas
2273 3151 2476 3245 opes,-
2515 3134 2698 3248 stne
2728 3139 2957 3221 omni
2983 3135 3154 3248 usu,
3174 3156 3348 3249 per·

443 3270 777 3381 didiffe5
842 3271 1087 3355 Nunc
1128 3287 1407 3356 autem
1421 3332 1445 3373 ,
1487 3269 1794 3379 inavit,
1838 3293 2152 3381 magna
2202 3265 2308 3354 ex
2342 3285 2586 3390 parte
2608 3267 2852 3380 vestri
2872 3270 3353 3381 potestatem

442 3402 693 3491 habeo
710 3466 731 3508 ,
742 3403 938 3512 jam
960 3421 1108 3512 pro
1144 3429 1232 3489 eo
1259 3403 1475 3513 qvod
1487 3404 1754 3487 vitam
1783 3401 1996 3485 mihi
2015 3399 2589 3516 conccffistis&
2599 3419 2960 3507 tantum,
2988 3424 3349 3520 qvantus

351 3615 360 3620 -
444 3538 668 3645 apud
687 3564 838 3623 vos
864 3552 1052 3620 erat
1070 3597 1095 3639 ‚
1134 3535 1512 3621 honorem
1542 3531 2044 3645 qva’stvistis,
2097 3539 2530 3643 praemium
2565 3537 3127 3648 reportabitis.
3191 3541 3346 3627 Lu·

439 3663 642 3753 bens
694 3687 975 3755 autem
1022 3685 1387 3779 optarem
1435 3694 1534 3752 ne
1585 3683 1754 3753 'vos
1791 3663 2112 3775 posthac
2171 3670 2583 3776 viderem5
2632 3668 2828 3779 jam
2838 3669 3078 3782 salvi
3090 3671 3343 3786 sospi-

437 3817 717 3912 tesqve
742 3803 1044 3889 valete.
1171 3801 1342 3913 Post
1376 3801 1542 3885 haec
1590 3802 1680 3884 in
1727 3791 2278 3885 continentem
2319 3795 2636 3911 sursum
2682 3804 3057 3913 eqvitat.'
3118 3805 3340 3892 Hinc

435 3933 722 4022 Comes
770 3935 1170 4045 RognvalI
1177 3933 1327 4018 dus
1371 3932 1802 4019 meridiem
1843 3928 2124 4041 verlus
2151 3934 2265 4016 ad
2294 3931 2624 4020 Cretam
2667 3931 2986 4043 cursum
3032 3939 3342 4090 dirigit

429 4062 538 4155 &
565 4066 977 4179 procellosa
1020 4070 1484 4181 tempestate
1531 4065 1970 4174 impeditus
2021 4066 2141 4151 ad
2173 4059 2567 4154 anchoras
2581 4067 2787 4180 stat
2850 4070 2920 4159 C
2918 4072 3107 4160 amt
3135 4090 3336 4162 tunc

431 4201 662 4287 inter
691 4195 1042 4317 vigilias
1079 4200 1512 4290 nocturnas
1553 4200 1765 4288 Arm
1773 4195 1881 4281 od
1889 4224 2020 4282 us,

815 4353 950 4463 Est
977 4357 1243 4459 nobis,
1276 4354 1422 4441 ubi
1432 4350 1829 4463 stimulus
1869 4347 2135 4437 maris
2177 4351 2216 4454 <
2233 4373 2302 4436 0:
2332 4341 2672 4476 fluam)

824 4507 1217 4624 injicitur
1266 4509 1360 4594 in
1403 4506 1752 4623 'lignum
1817 4505 1920 4608 (οε
1991 4475 2324 4609 navem)
2365 4502 2749 4618 firmum,

1828 4658 2241 4779 Q3-
2786 4749 2791 4756 .
3180 4663 3325 4762 hoc
