4100 5284
1105 308 1653 400 mmmm
1716 245 2657 402 oRcADENSIUM*
3122 325 3309 421 199

382 575 585 645 tunc
631 560 1086 645 amicorum
1131 555 1351 643 mibi
1371 595 1380 604 ·
1402 557 1738 645 videtur
1790 559 2153 669 optimus
2166 620 2191 662 ,
2266 559 2414 671 qvi
2460 555 2678 644 mibi
2721 557 2815 643 in
2876 560 3310 650 retinendo
3354 561 3435 626 A.
3466 560 3559 635 D.

381 718 635 807 regno
680 690 1168 800 opitulatur.
1297 686 1908 802 R6gnvalldum
1957 717 2376 803 nunqvam
2422 692 2638 795 vidi,
2701 709 3043 780 tantum
3094 694 3309 807 abest
3348 676 3448 744 11
3469 678 3517 769 3
3530 678 3585 769 7

382 842 488 911 ut
525 825 865 936 iniqvas
902 826 987 911 ei
1032 823 1475 912 obtulerim
1515 826 2026 910 conditiones
2041 886 2067 930 ‚
2131 850 2315 910 cum
2359 842 2649 912 notum
2688 825 2816 936 sit
2855 854 2990 922 me
3031 830 3124 914 in
3174 827 3304 935 sa-

373 956 532 1044 &is
572 976 1112 1073 cognatorum
1166 957 1616 1067 nostrorum
1647 974 1942 1044 contra
1986 986 2176 1044 eum
2208 954 2533 1069 prorsus
2568 985 2728 1044 non
2756 962 3303 1074 participaffl’.
3404 1025 3411 1036 ·

373 1090 864 1201 Afferebant
908 1090 1164 1177 multi
1190 1087 1617 1201 summam
1678 1090 1828 1201 effe
1875 1091 2289 1200 injuriam
2349 1117 2601 1206 regno
2668 1092 3068 1204 hostiliter
3112 1123 3302 1181 eum

359 1226 705 1334 privare
743 1225 1027 1311 conari
1037 1253 1072 1332 ,·
1138 1250 1373 1311 nemo
1413 1241 1697 1310 autem
1735 1225 2375 1311 contradicebat.
2480 1227 2683 1313 Vere
2729 1245 3124 1344 vergente
3153 1229 3296 1317 Co·

370 1381 549 1443 mes
597 1353 885 1442 Paulus
902 1357 1206 1468 pharos
1246 1360 1339 1443 in
1378 1354 1767 1469 Fridarey
1818 1358 2213 1469 Rinarsey
2261 1355 2573 1466 &fere
2602 1363 2697 1446 in
2739 1361 3123 1449 omnibus
3167 1365 3292 1448 in-

343 1487 605 1601 fidis,
667 1509 772 1580 ut
811 1518 1028 1578 unus
1069 1492 1186 1578 ad
1222 1491 1587 1579 alterum
1632 1487 1974 1603 conspici
1999 1492 2258 1605 poffet
2272 1553 2296 1595 ‚
2322 1492 2911 1605 constituendos
2935 1498 3294 1585 curavit.

369 1621 833 1735 Dagfinnus
901 1622 1364 1712 Laudveris
1428 1654 1722 1713 nomen
1782 1642 1974 1712 erat
2027 1630 2216 1712 viro
2236 1687 2260 1729 ‚
2318 1622 2929 1729 fortitudinem
2987 1647 3162 1740 prae
3182 1627 3291 1741 st’

347 1755 678 1867 serenti
689 1820 714 1862 ,
774 1763 918 1872 qvi
945 1761 1534 1847 villicationem
1570 1762 1661 1845 in
1689 1755 2084 1868 Fridarey
2116 1758 2519 1869 habebat;
2585 1759 2719 1846 hic
2742 1760 3102 1871 pharum
3133 1765 3287 1848 ibi·

369 1893 553 1977 dem
601 1894 1194 2004 custodiendum
1211 1956 1236 2002 ‚
1306 1893 1385 2002 [i
1403 1895 1820 1980 exercitus
1847 1893 1954 1979 ab
1998 1888 2493 1978 Hialtlandia
2532 1894 2660 1980 ire
2703 1888 3290 2003 conspiceretur

366 2027 852 2114 incenderet.

593 2179 925 2271 Comes
941 2176 1506 2294 Rfignvalldus
1517 2177 1853 2293 Agdis
1813 2208 1907 2267 m
1907 2175 2268 2293 praediis
2289 2180 2569 2292 patris
2590 2173 2730 2290 fui
2742 2196 2894 2291 per
2917 2179 3284 2294 hyemem

337 2311 672 2424 fidens,
706 2319 1102 2403 nuntium
1141 2317 1550 2405 nonnullis
1587 2317 1970 2429 cognatis
1984 2310 2183 2426 suis
2211 2310 2316 2404 Εἴ
2341 2315 2639 2400 amicis
2668 2311 2896 2425 misit
2909 2379 2933 2421 ‚
2962 2313 3122 2429 ipse
3137 2345 3279 2407 au·

363 2465 539 2536 tem
571 2448 785 2539 alios
813 2452 1198 2537 convenit
1214 2513 1240 2554 ,
1263 2450 1678 2564 postulans
1704 2465 1806 2536 ut
1842 2451 2093 2561 copiis
2121 2445 2226 2537 Εἴ
2265 2447 2659 2553 navibus,
2718 2452 2836 2536 ad
2881 2452 3051 2537 iter
3081 2456 3278 2540 occi·

358 2585 683 2671 dentem
711 2580 988 2698 versus
1003 2584 1546 2698 instituerent,
1573 2584 1733 2686 cui,
1761 2580 2231 2691 necestitate
2254 2578 2567 2685 adacio,
2576 2581 2942 2695 pleriqve
2975 2611 3276 2676 annue-
3317 2641 3329 2654 ·

353 2717 589 2805 bant.
704 2719 871 2805 Sed
889 2716 1156 2829 mense
1181 2715 1367 2803 Goa
1395 2715 1664 2824 emisit
1696 2712 1948 2801 Kolus
1977 2718 2186 2801 duas
2211 2742 2466 2803 naves
2500 2719 2964 2819 onerarias,
3003 2718 3269 2805 aliam

353 2852 446 2936 in
485 2847 882 2961 Angliam
907 2854 1401 2939 occidentem
1438 2844 1720 2958 verfits
1745 2851 1863 2936 ad
1899 2865 2446 2935 commeatum
2498 2846 2602 2938 &³
2631 2874 2872 2934 arma
2901 2853 3270 2958 emenda,
3416 2925 3423 2932 .

353 2983 615 3071 aliam
654 3011 850 3074 vero
899 2981 1401 3100 Sc‘ilmundus
1440 2982 1877 3069 meridiem
1904 2976 2186 3090 versus
2216 2983 2311 3066 in
2353 2979 2700 3064 Daniam
2734 2983 3002 3086 rexit,
3063 3009 3267 3094 qvae·

350 3142 655 3230 cunqve
709 3112 960 3234 Kolus
1019 3113 1616 3230 praefi-ripfferat
1629 3176 1653 3218 ‚
1728 3112 1894 3225 ipse
1944 3114 2168 3200 enim
2223 3137 2540 3199 omnem
2603 3138 2884 3201 eorum
2931 3101 3265 3228 appara·

356 3264 544 3336 tum
607 3253 1042 3341 ordinavit
1063 3313 1088 3358 ,
1151 3265 1822 3363 comparaturus5
1887 3249 2025 3364 ita
2062 3246 2470 3352 ‘convenit
2496 3261 2597 3330 ut
2635 3244 2759 3331 hae
2788 3273 3041 3336 naves
3090 3277 3268 3366 one·

352 3384 607 3469 rariae
638 3402 832 3473 ante
844 3384 1155 3495 festum
1184 3382 1550 3496 Paftatis
1581 3382 1952 3468 redirent
1967 3442 1991 3485 ‚
2058 3378 2212 3489 ipsi
2255 3394 2539 3465 autem
2581 3379 2745 3493 post
2754 3379 3066 3495 festum
3095 3386 3265 3471 iter

335 3531 762 3627 pararent.
894 3521 1146 3606 Pater
1172 3516 1278 3607 ἐφ’
1304 3513 1554 3629 filius
1597 3516 1934 3626 qvisqve
1981 3538 2279 3598 navem
2310 3510 2646 3629 longam
2664 3576 2693 3619 ‚w
2757 3512 3262 3608 Solmundus

348 3649 697 3738 tertiam
728 3654 1299 3765 gubernavit3
1366 3649 1436 3735 K
1439 3646 1615 3734 olus
1660 3673 1844 3732 cum
1885 3643 2074 3754 ficis
2124 3670 2427 3732 navem
2474 3664 2933 3733 commeatu
2980 3664 3261 3735 onera·

341 3797 525 3869 tam
555 3787 924 3899 regebat.
1052 3786 1278 3890 Cum}
1294 3801 1578 3873 autem
1611 3780 1906 3889 Bergas
1930 3777 2322 3867 venirent
2336 3838 2362 3882 ‚
2423 3777 2714 3863 obvius
2738 3779 3044 3864 ibidem
3079 3779 3263 3868 Rex

336 3913 808 4025 Haraudus,
884 3915 1403 4032 Rbgnvalldo
1448 3942 1744 4002 navem
1779 3911 2137 4027 longam
2153 3972 2179 4013 ,
2241 3911 2468 3995 omni
2513 3937 2619 3995 ex
2676 3925 2926 4021 parte
2969 3911 3256 4025 instru-

337 4047 558 4137 &am
583 4114 608 4157 ‚
670 4055 972 4145 tradit.
1099 4053 1198 4165 J
1165 4076 1365 4138 onas
1391 4045 1617 4140 fotut
1643 4046 1871 4160 (Pes)
1910 4045 2173 4130 etiam
2204 4067 2500 4129 navem
2527 4039 2860 4155 longam
2877 4046 3254 4159 regebat,-

332 4181 657 4292 leaetam
705 4184 1068 4271 Aslakus
1086 4183 1336 4299 filius
1383 4178 1718 4271 Erlendi
1766 4184 1863 4265 de
1912 4176 2149 4262 Hem
2155 4197 2354 4283 um;
2400 4189 2590 4261 erat
2636 4173 2795 4283 iste
2827 4172 3254 4289 Steigenfis

337 4314 703 4403 Thoreri
764 4348 870 4406 ex
802 4299 1088 4432 ‘filia
1134 4338 1409 4432 nepos,
1382 4305 1632 4403 erat
1663 4315 1745 4400 ei
1791 4311 2054 4396 etiam
2099 4309 2342 4395 navis
2390 4325 2846 4395 commeatu
2885 4331 3255 4404 onerata.

329 4411 725 4542 Navibus
765 4471 1171 4568 praeterea
1186 4454 1351 4567 sex
1387 4449 1696 4540 bellicis
1719 4441 1823 4535 ΕΤ
1835 4503 1862 4550 ,
1886 4455 2189 4553 proeter
2229 4439 2577 4555 qvinqve
2611 4436 2972 4556 phaselos
2986 4506 3013 4553 ,
3074 4473 3255 4534 one·

2983 4580 3249 4665 ratiis
