4100 5284
1135 382 1166 490 j
1242 307 1794 472 HISwRIA
1862 376 2731 473 ORCADENSWM.
3228 397 3408 494 295

495 625 717 715 Hinc
760 628 1025 713 variae
1066 623 1546 736 conjecflurae
1586 629 1976 738 qvomodo
2024 621 2486 736 Gudifireyr
2525 625 3056 741 effiagiverit3
3118 622 3414 712 Endri·
3430 626 3513 697 A'·
3545 630 3636 698 D.
3842 647 3879 688 ·

492 756 723 844 dium
772 757 1153 873 Ungium
1197 759 1487 871 statim
1499 758 2033 871 ffispicantnr
2085 785 2278 847 eum
2304 759 2809 870 subduxiffe,
2852 756 3093 869 sumi
3127 778 3269 871 ope
3315 763 3411 846 in
3455 744 3492 814 ¹
3517 742 3695 837 154

471 891 795 1003 sylvam
847 893 1062 981 clam
1110 893 1503 981 delatum·
1631 891 1797 980 His
1830 893 2083 1009 gestis
2115 893 2412 980 Comes
2458 888 3021 1004 Rognvalldus
3062 917 3223 980 non
3262 895 3409 981 diu

484 1028 578 1112 in
633 1023 967 1112 Gallicia
996 1044 1418 1133 moratur,
1481 1029 1695 1113 unde
1742 1024 2022 1138 verfits
2073 1020 2551 1139 Hispa‘niam
2588 1025 3034 1142 gentilem,
3095 1028 3235 1112 cui
3271 1054 3404 1114 ar·

453 1183 619 1244 -ma
652 1157 1072 1270 inferendo
1092 1224 1115 1264 ‚
1147 1161 1479 1276 ingenti
1497 1163 1785 1272 prae'da
1814 1163 2243 1267 ditantur,
2289 1161 3037 1275 praeternavigant.
3163 1159 3402 1271 Oppi·

459 1294 677 1378 -dum
758 1296 1162 1405 qvoddam
1239 1296 1657 1383 invadunt
1671 1358 1694 1398 ,
1762 1295 2177 1405 oppidani·
2222 1311 2509 1382 autem
2583 1299 3155 1381 concurrentes
3211 1321 3398 1400 cum

472 1426 592 1511 iis
669 1429 1342 1542 congrediuntur.
1562 1429 2000 1541 Pugnatur
2073 1431 2464 1539 utrinqve
2540 1428 2859 1515 acriter
2878 1490 2905 1531 ‚
2990 1429 3402 1543 indigene

467 1574 852 1646 attamen
943 1564 1283 1649 tandem
1366 1558 1789 1678 fugantur
1817 1623 1844 1666 ‚
1941 1560 2243 1647 multis
2332 1561 2626 1670 occifi's.
2849 1558 3107 1651 Canit
3199 1561 3397 1649 tun'c

472 1690 795 1779 Comes:
1893 1711 1900 1719 ·
3119 1724 3126 1732 ·

855 2029 1057 2117 Non
1116 2030 1441 2133 dubito,
1503 2026 2062 2154 in„Hispaniav

856 2180 1236 2268 celeriter
1293 2179 1861 2288 fundebantur
1875 2244 1903 2288 ‚

858 2330 1375 2456 aufugerunt
1436 2333 1692 2421 multi
1751 2331 2027 2445 defff

693 2541 696 2542 f
852 2484 1045 2571 Viri
1105 2488 1249 2597 qvi
1302 2484 1747 2596 faeminam
1808 2503 2272 2576 convenere.

840 2634 1150 2724 Sumus
1205 2637 1520 2752 igitur,
1584 2657 1685 2725 ut
1730 2638 2224 2751 sperandum
2242 2700 2270 2744 ‚

842 2787 1138 2899 (aptas
1185 2806 1489 2907 gentes
1562 2793 1957 2880 audivere
2014 2819 2254 2881 voces
2262 2820 2305 2901 ,-

827 2963 1180 3030 acervus
1233 2946 1728 3033 cadaverum
1786 2947 2028 3056 caepit
2087 2960 2370 3059 tegere
2435 2945 2845 3057 campum)

839 3093 1090 3212 digni
1154 3094 1744 3208 Ermengerda.

457 3305 932 3421 Hispaniam
996 3313 1105 3398 ab
1175 3314 1580 3403 occidente
1628 3316 2353 3430 praetemavigant
2398 3308 2506 3406 ἔθ’
2552 3314 3022 3428 tempestate
3086 3323 3367 3412 adver·
3444 3263 3449 3268 -

405 3439 501 3552 s
483 3468 537 3528 a
599 3444 950 3533 inhibiti
1011 3448 1104 3533 in
1167 3446 1547 3535 anchoris
1604 3465 1782 3536 tres
1846 3452 2032 3537 dies.
2055 3448 2543 3564 snbststunt,
2587 3454 2844 3538 udum
2873 3474 3362 3569 magnopere

433 3572 1340 3800 ssztreggngcffinentes
1356 3643 1382 3688 ‚
1443 3577 2040 3694 diffringendis
2103 3586 2461 3672 navibus
2516 3584 2910 3696 proximi.
3038 3587 3363 3678 Cecinit

825 3933 1021 4020 Non
1085 3960 1224 4023 ero
1286 3933 1557 4045 tristis
1617 3936 1710 4019 in
1773 3933 2266 4024 calamitate

822 4082 1196 4195 remtffits
1256 4086 1536 4172 donec.
1577 4085 1877 4173 rudens
1935 4085 2041 4177 ἔθ’
2103 4086 2363 4194 linea,

817 4259 993 4344 qvae
1052 4238 1258 4323 navi
1315 4237 1773 4346 adhaerent,

813 4406 975 4472 non
1048 4406 1590 4506 rumpuntur,-

2998 4506 3341 4676 Virgini
