4100 5284
1085 361 1629 458 HISTORLA
1659 363 2561 459 ‘ORCADENSIUM
3096 391 3274 485 179

496 609 1117 754 Praelium
1160 606 1738 747 Comitis
1779 605 2168 747 Pauli
2211 645 2526 812 cum
2565 606 3221 753 Auffere.

368 835 754 1039 Comes
789 935 1154 1029 Paulus
1114 967 1207 1026 m
1235 935 1651 1027 Hrolfseia
1667 919 2026 1038 Vestnefi
1996 943 2273 1053 1apud
2293 938 2745 1055 Sigus-dum
2765 946 3140 1033 convivio
3157 946 3281 1036 in·

366 1097 704 1185 tererat,
734 1106 916 1164 cum
937 1075 1342 1164 Comitem
1370 1071 1991 1187 Rfignvalldum
2028 1076 2123 1163 in
2148 1076 2236 1163 H
2243 1075 2732 1165 laltlandlam
2751 1078 3190 1191 devemffe‘
3154 1105 3278 1168 m-

367 1216 743 1322 audiret,·
809 1208 1224 1298 Auditum
1252 1211 1358 1324 cst
1420 1211 1583 1322 ms
1574 1208 1757 1296 mul
1782 1209 2242 1298 exercitum
2276 1211 2537 1325 ipsum
2564 1213 3128 1332 aggrffcrum
3171 1237 3280 1303 ex

366 1344 762 1436 Haebudis
804 1343 1214 1434 colleiium
1253 1345 1693 1457 advenistis,
1747 1343 1940 1432 hinc
1967 1343 2262 1434 Comes
2308 1346 2582 1458 Kugio
2617 1350 2710 1436 in
2737 1346 3146 1461 Vestreyia
3179 1347 3291 1440 ἔθ’

367 1477 833 1571 Thorkatlo
881 1478 1217 1583 Flettio',
1253 1481 1399 1592 qvi
1436 1481 1615 1568 viri
1653 1496 1902 1602 erant
1911 1475 2385 1593 sapientes,
2441 1485 2835 1571 nuncium
2867 1486 3154 1573 mittit
3180 1479 3293 1577 ἔθ’

367 1618 673 1706 multos
706 1615 919 1703 alios
950 1616 1395 1726 optimates
1444 1614 1562 1700 ad
1582 1610 1669 1725 le
1692 1611 2061 1724 arceffit„
2164 1615 2266 1702 In
2307 1613 2598 1703 horum
2637 1637 3047 1708 conventu
3085 1619 3291 1706 Pau-

365 1751 487 1840 lus
526 1753 635 1838 ab
664 1751 963 1839 amicis
991 1746 1411 1858 confilium
1457 1752 1795 1862 qvoerit,
1859 1775 2152 1835 verum
2197 1775 2359 1837 non
2396 1751 2776 1837 omnibus
2834 1756 3116 1840 eadem
3164 1755 3288 1842 vi·

367 1889 810 1991 ciebantur,
873 1881 1036 1970 alii
1074 1907 1261 1969 cum
1306 1881 1758 1988 alterutro,
1816 1908 1922 1969 ne
1968 1898 2310 1996 uterqve
2369 1883 2614 1993 hostis
2648 1901 3062 1991 maneret,
3107 1910 3289 2004 reg-

371 2050 568 2113 num
595 2020 866 2109 dividi
890 2017 1218 2107 voluere
1230 2082 1254 2127 ,
1315 2015 1479 2105 alii
1513 2032 1798 2103 autem
1810 2012 2189 2128 fizasere,
2248 2032 2353 2104 ut
2378 2019 2471 2104 in
2512 2011 2831 2103 Nesum
2844 2078 2873 2125 ,
2915 2035 3292 2131 expertu-

373 2184 514 2245 rus
552 2156 759 2270 qvid
797 2154 986 2240 inde
1034 2152 1350 2239 auxilii
1390 2167 1856 2305 reportaret
1870 2213 1895 2256 ,
1960 2148 2255 2239 Comes
2296 2151 2760 2263 trajiceret
2941 2153 3294 2272 Regerit

370 2292 500 2379 his
537 2292 826 2378 Comes
855 2282 1143 2373 Paulus
1156 2349 1179 2392 ,
1225 2314 1436 2374 nunc
1468 2286 1584 2371 iis
1606 2283 1987 2400 Regnum
2043 2310 2322 2373 meum
2337 2349 2362 2394 ,
2423 2286 2720 2399 qvibus
2735 2351 2761 2393 ,
2822 2313 3008 2375 cum
3054 2306 3295 2410 paca·

370 2444 453 2513 te
498 2399 987 2537 expetebant
1001 2483 1025 2527 ,
1075 2417 1515 2532 praesraiie
1559 2415 1970 2536 denegavi
1977 2483 2002 2526 ,
2015 2413 2319 2532 sponte
2351 2417 2599 2532 offere
2640 2420 2882 2510 nolo·
2844 2488 2874 2533 ,
2949 2423 3299 2520 videtur

367 2559 581 2651 mihi
607 2559 869 2645 etiam
909 2550 1554 2670 magnificentiae
1583 2556 2164 2670 incongruum,
2225 2554 2607 2643 omnibus
2644 2556 3128 2667 inexpertis,
3171 2581 3295 2646 re·

367 2696 701 2811 gionem
735 2714 1005 2778 meam
1041 2685 1271 2806 fuga
1309 2683 1667 2799 deserere
1679 2715 1718 2799 ,⁰
1783 2690 2108 2799 capiam
2163 2688 2588 2800 confilium
2624 2693 3026 2777 mittendi
3070 2689 3297 2779 nolle

374 2827 523 2914 hac
539 2845 696 2939 per
734 2850 1009 2913 omnes
1042 2820 1353 2934 infidas
1386 2825 1846 2909 exercitum
1876 2818 2335 2910 coueeturos
2345 2851 2379 2930 ,·
2447 2821 2966 2935 R6gnvalldo
2992 2825 3295 2910 exinde

375 2962 706 3051 obviam
757 2959 1107 3062 ibimus,
1172 2983 1357 3044 cum
1413 2953 1575 3067 iffi>
1619 2973 2066 3066 ante-qvam
2111 2960 2462 3042 veniunt
2504 2941 3058 3042 Haebtidenses
3099 2956 3299 3042 ulti-

376 3122 515 3183 ma
548 3094 990 3180 tentaturi.
1067 3092 1176 3178 Id
1207 3091 1422 3203 qvod
1457 3088 1728 3176 voluit
1759 3089 2085 3193 Comes,
2119 3087 2563 3187 consilium
2582 3107 2914 3202 captum
2954 3091 3087 3204 ‘est
3152 3089 3299 3178 Co·

376 3228 851 3317 mitabatur
882 3243 1065 3311 tum
1093 3223 1501 3312 Comitem
1544 3219 1886 3310 Paulum
1917 3223 2061 3310 vir
2086 3223 2416 3310 nomine
2442 3219 2750 3309 Sveinn
2774 3211 3300 3354 ,cognomine

378 3359 737 3451 Br1ostre1
743 3383 838 3471 p
898 3359 1256 3447 Comitis
1260 3355 1602 3469 satelles
1663 3351 1769 3447 &
1798 3358 1905 3444 ab
1945 3353 2108 3469 ipso
2144 3355 2447 3446 honore
2466 3355 2854 3471 habitu55
2908 3362 3305 3474 piraticae

384 3497 679 3610 qvavis
733 3491 1001 3602 aestate
1063 3492 1423 3578 vacabat
1436 3554 1461 3597 ‚
1535 3485 1988 3599 hyemibus
2042 3493 2265 3602 apud
2318 3492 2741 3616 Comitem
2794 3489 3301 3580 transabiis⁴
3263 3558 3291 3602 ,

361 3629 557 3743 suit
592 3626 732 3738 iste
771 3625 1091 3735 statura
1138 3627 1434 3739 ingens
1448 3688 1472 3729 ,
1527 3624 1927 3737 robustus,
1994 3628 2272 3738 niger,
2348 3622 2453 3715 ξφ
2483 3623 3058 3731 infortunatus
3071 3687 3093 3726 ,
3135 3645 3316 3709 ma

375 3769 620 3882 giam
651 3759 1092 3846 admodum
1113 3776 1597 3848 exercuerat
1635 3754 1740 3847 ἔθ’
1766 3759 2351 3845 necromantiae
2379 3762 2524 3845 diu
2561 3773 2887 3870 operam
2914 3741 3294 3867 dederat,
3281 3761 3306 3807 ⁵

385 3897 717 3987 comitis
741 3908 1082 4003 proreta
1129 3909 1343 3979 erat.
1496 3893 1868 3980 Veniunt
1875 3892 2183 4002 statim
2220 3894 2335 3978 ad
2376 3893 2777 3997 comitem
2757 3888 3138 3984 Paulum
3184 3897 3312 3982 ea'·

387 4034 571 4119 dem
617 4022 848 4114 nocte
900 4043 1372 4139 magnates,
1434 4023 1866 4137 Eyvindus
1920 4021 2381 4135 Melbrigdi
2425 4023 2677 4133 filius·
2711 4026 2803 4110 in
2850 4027 3056 4114 navi
3083 4027 3312 4114 omni

392 4192 496 4251 ex
534 4176 786 4273 parte
838 4155 1277 4270 infirmita·
1240 4221 1271 4267 ,
1322 4156 1772 4272 secundam
1809 4167 2123 4247 navem
2146 4155 2397 4246 orans
2440 4156 2652 4247 Rom
2691 4162 2795 4247 de
2822 4158 3306 4272 Gd‘teksey·
3280 4223 3308 4274 ,

389 4299 743 4387 tertiam
774 4287 1186 4400 Thoekqu
1211 4273 1578 4388 Fleettfr,
1607 4310 2010 4515 qvariam
2029 4291 2487 4405 Sigutdt'ss,
2533 4295 2959 4408 quintam
2976 4291 3138 4409 12²ss
3170 4291 3315 4383 ὼ

1944 4446 2001 4518 2
3140 4453 3316 4516 mes

3316 718 3559 837 1136
