4100 5284
1208 356 1745 452 HISTORIA
1814 358 2679 452 oRCADENSmM.
3204 383 3391 478 409
3480 439 3487 444 .

478 605 706 691 tione
730 605 1253 713 partiturum
1277 602 1707 715 praefrafle
1730 607 2081 719 negavit
2092 634 2127 713 ,·
2174 599 2527 689 Lifolfus
2549 602 2888 689 Skallius
2922 606 3127 695 hanc
3164 612 3381 732 lega·
3423 613 3505 695 A.
3550 633 3637 701 D.

482 747 793 828 tionem
821 739 1018 851 inse
1042 737 1386 851 lust-epit
1403 803 1425 843 ‚
1505 743 1639 828 cui
1679 742 1966 827 Comes
2007 757 2450 851 anteqvam
2504 740 2802 844 abiret,
2895 743 3192 831 multis
3220 755 3372 836 mi-

481 890 733 957 natus
757 871 883 982 est.
1011 872 1300 957 Comes·
1344 867 1777 957 Haralldus
1810 873 2236 984 ingentem
2263 871 2427 982 post
2473 870 2622 956 hac
2674 880 3100 959 contraxit
3141 906 3366 966 exer-

478 1007 737 1089 citum
785 1000 890 1090 &³
936 1028 1245 1115 magna
1304 1003 1728 1089 hominum
1785 1001 2129 1112 stipatus
2194 1002 2301 1111 est
2358 1000 2930 1086 multitudine.
3092 1005 3381 1095 Comes

445 1134 916 1221 .Harassdus
940 1139 1277 1245 junior,
1339 1162 1523 1221 cum
1584 1135 1925 1244 reliqvis
1972 1139 2065 1219 in
2103 1133 2538 1239 Katanefia,
2569 1131 2922 1244 suorum
2955 1162 3382 1226 numerum

474 1273 998 1386 aliqvantum
1061 1278 1310 1363 auxit
1323 1306 1356 1384 ,·
1424 1302 1609 1362 cum
1664 1275 2056 1359 audirent
2122 1271 2536 1359 Comitem
2605 1270 3088 1358 Haralldum
3106 1273 3381 1383 senio—

477 1439 652 1499 rem
699 1414 979 1524 copias,
1017 1414 1382 1526 colligere
1398 1472 1421 1514 ,
1485 1405 1893 1494 Lifolfum
1960 1410 2273 1493 iterum
2333 1435 2518 1494 cum
2581 1410 2782 1496 aliis
2843 1412 3171 1498 boream
3202 1442 3380 1501 ver·

474 1548 617 1661 sus
643 1612 666 1655 ,
729 1565 971 1636 trans
1016 1550 1298 1659 finum
1353 1541 1911 1631 Petlandicum
1933 1605 1956 1648 ,
2003 1561 2103 1630 ut
2156 1546 2614 1630 exercitum
2677 1543 3174 1655 observaret,
3228 1554 3378 1636 mi-

454 1677 807 1790 serunt,·
874 1683 1021 1769 Aa
1071 1677 1474 1766 orientale
1524 1673 1924 1786 Rolfseyae
1982 1676 2195 1761 litus
2247 1676 2607 1784 appulit,
2670 1679 2816 1764 ubi
2879 1684 2970 1765 in
3017 1695 3375 1770 'montem

474 1811 827 1924 egreffus
887 1830 1063 1897 tres
1125 1809 1469 1921 custodes
1501 1809 1865 1895 *Comitis
1933 1801 2297 1890 Haralldi
2362 1808 2690 1892 invenit
2708 1870 2731 1913 ,
2792 1827 3130 1922 ‘qvorum
3151 1819 3374 1918 fduos

395 1945 400 1948 ⁴
475 1943 769 2028 occidit
787 2004 811 2047 ,
871 1967 1127 2028 unum
1157 1965 1375 2043 vero,
1413 1954 1512 2022 ut
1557 1962 1770 2024 nova
1782 1932 2291 2050 suggereret
2310 1997 2331 2039 ‚
2346 1935 2636 2044 secum
2673 1939 3033 2027 abduxit
3044 1972 3080 2051 ,·
3153 1945 3381 2030 Tunc

471 2102 775 2188 qvoqve
819 2079 1090 2188 copias
1150 2077 1374 2164 vidit
1429 2073 1760 2161 comitis
1823 2070 1928 2160 Εἴ
1972 2099 2229 2160 naves
2269 2074 2622 2180 multas,
2668 2076 3093 2192 plerasqve
3144 2105 3370 2197 mag·

473 2240 672 2325 nas,-
739 2217 927 2301 hinc
992 2220 1043 2302 e
1097 2232 1374 2302 monte
1421 2216 1534 2298 ad
1573 2238 1825 2299 naves
1842 2208 2100 2322 suam
2150 2210 2548 2319 reversus,
2580 2214 2845 2326 ficiis
2882 2245 3097 2306 nova
3115 2283 3138 2324 ,
3178 2224 3372 2332 'qvo-

469 2389 657 2448 rum
723 2356 1026 2443 certior
1075 2348 1358 2455 fastus
1421 2365 1612 2437 erat
1636 2411 1659 2454 ,
1724 2352 2018 2436 retulit
2030 2378 2058 2461 3
2145 2353 2373 2436 dixit
2423 2349 2831 2439 Comitem
2884 2352 3373 2440 Haralldum

469 2509 803 2580 tantum
847 2486 1146 2573 habere
1198 2484 1653 2595 exercitum
1671 2545 1694 2584 ,
1756 2500 1858 2569 ut
1920 2509 2105 2568 cum
2168 2486 2276 2584 eo}
2296 2481 2810 2598 confligendo
2844 2496 3171 2579 omnino
3219 2496 3369 2580 im·

451 2643 700 2735 pares
748 2619 1029 2729 efflent,
1097 2612 1539 2720 Confilium
1595 2612 1701 2723 est
1750 2639 2022 2699 meum
2040 2675 2064 2718 ‚
2132 2615 2445 2722 inqvit,
2508 2631 2609 2698 ut
2642 2614 2877 2702 hodie
2916 2618 3387 2730 fipentrioe·
3444 2641 3453 2648 “

467 2788 650 2846 nem
710 2754 987 2870 versus
1047 2757 1138 2839 in
1202 2750 1671 2836 Thors‘ciarn
1733 2750 2210 2852 tendamus,
2273 2749 2421 2833 ubi
2451 2752 2831 2862 ingentes
2874 2759 2990 2840 ad
3012 2783 3159 2844 nos
3185 2783 3393 2844 con·-

447 2893 727 3007 fluent
790 2892 1070 3001 copiae3
1131 2912 1421 2974 verum
1449 2879 1543 2995 'si
1591 2911 1775 2970 cum
1818 2889 2141 2974 Comite
2166 2883 2563 2972 Haralldo
2629 2893 3012 3003 congredi
3072 2892 3391 2996 vultis,.

443 3024 870 3137 summum
933 3022 1038 3132 est
1093 3019 1548 3131 periculum
1564 3080 1587 3121 ,
1631 3019 1812 3128 five
1845 3019 2291 3130 sut-castum
2354 3021 2731 3106 obtineat
2757 3024 2929 3130 five
2973 3051 3161 3110 non.
3225 3028 3383 3112 Aa·

473 3160 638 3244 haec
687 3151 1089 3266 Sigurdus
1136 3153 1510 3261 Murtu83
1587 3151 2174 3258 Infortunatus
2206 3151 2489 3261 affinis
2528 3158 2862 3240 comitis
2880 3160 3160 3268 finum
3198 3158 3367 3245 Pet·

460 3289 743 3377 landiae
768 3285 1166 3391 transiit,
1191 3313 1374 3373 cum
1400 3288 1775 3372 animum
1801 3286 2280 3396 reliq-verit3
2327 3289 2684 3393 addidit,
2704 3291 3016 3378 malum
3042 3297 3359 3381 minari

437 3418 706 3531 finem
720 3483 742 3523 ‚
747 3420 835 3527 si
853 3442 1163 3519 omnes,
1218 3443 1401 3501 cum
1428 3418 1698 3527 copias
1726 3415 2090 3501 Haralldi
2104 3416 2476 3528 senioris
2506 3422 2888 3506 viderent
2908 3482 2929 3522 ,
2967 3426 3199 3508 corde
3229 3450 3355 3510 ca-

462 3577 790 3665 rerent5
855 3558 1128 3644 Facile
1173 3582 1337 3641 non
1396 3554 1538 3664 est,
1607 3552 2011 3666 respondit
2057 3555 2157 3640 Li
2171 3550 2464 3658 folfim,
2521 3562 2971 3665 prae-videre
3008 3563 3359 3677 Sigurde

469 3693 615 3779 ubi
642 3689 1009 3796 cujusvis
1040 3679 1346 3771 haereat
1379 3688 1712 3771 animus
1727 3690 1815 3796 st
1837 3684 2091 3795 salio
2149 3706 2343 3797 opus
2368 3683 2587 3796 fiat3
2650 3695 2979 3781 ominor.
2999 3714 3360 3808 tempore

459 3855 609 3939 qvo
655 3852 800 3939 ego
838 3822 897 3908 ά
919 3823 1232 3910 Comite
1266 3812 1652 3900 Haralldo
1688 3815 2058 3928 aufugio,
2107 3822 2326 3926 qvod
2351 3821 2622 3925 vobis,
2686 3832 2832 3935 qvi
2867 3836 3185 3920 virtute
3219 3863 3351 3920 ex.

459 3963 794 4062 cedetis,
823 3982 1242 4043 remanere
1274 3959 1582 4071 magni,
1609 3953 1912 4059 constet
1943 3957 2223 4064 operis.
2297 3958 2706 4047 Caeterum
2752 3969 2843 4049 in
2883 3965 3351 4060 Thorsfiam

460 4120 617 4182 non
651 4097 892 4180 ivere.
1035 4091 1169 4202 Ast
1196 4091 1437 4201 paulo
1456 4091 1620 4202 post
1655 4089 1968 4200 claſjem
2005 4091 2375 4194 Comitis·
2396 4092 2755 4182 Haralldi
2789 4130 2841 4186 a
2870 4103 3201 4220 Rolfsey
3234 4116 3352 4198 di.

427 4224 761 4338 stedere
788 4223 1302 4337 conspiciunt,
1315 4226 1651 4338 hincqve
1661 4243 1957 4339 pugnae
1957 4223 2059 4330 se
2074 4229 2543 4338 accingunt.
2610 4233 2902 4323 Comes·
2919 4240 3349 4331 Haralldus

457 4364 546 4449 in
562 4383 875 4453 terram
898 4362 1425 4474 exstendit&
1441 4370 1879 4476 copiarum,
1895 4364 2191 4474 qvibvs
2208 4366 2472 4454 multo
2465 4369 2851 4480 superior
2864 4403 3070 4488 erat,
3090 4387 3351 4476 aciem
3370 4381 3381 4396 “

455 4488 807 4602 instruit.
859 4487 942 4573 Si
948 4486 1260 4601 gurdus
1275 4490 1610 4580 Murtus
1627 4493 1730 4586 65³
1727 4491 2104 4708 1²{apff‘olfus
2122 4498 2481 4589 Comitis
2492 4508 2871 4612 junioris
2896 4528 3385 4612 exercitum·

1970 4646 2019 4711 2
3185 4660 3344 4747 dis·
