4100 5284
26 1974 29 2065 ι

26 2638 29 2655 Ι

28 2672 31 2727 ὲ

28 2734 31 2777 τ

38 3178 65 3617 Υ

1019 366 1560 471 HISTORIA
1621 306 2496 527 oRcADEmwM
2709 320 2730 328 ⁸
3089 384 3230 494 73'

293 650 537 742 qvam
598 631 752 714 vix
811 628 952 714 vel
1011 648 1522 738 neqvaq'vam
1582 653 1767 713 cum
1828 628 2254 713 hominum
2315 627 2856 713 multitudine
2904 645 3212 739 compa-
3271 627 3350 694 A.
3378 624 3492 695 D.·

293 790 483 848 rare
516 763 960 873 postumus,
1022 761 1627 872 reportabimus
1637 792 1671 869 ,·
1739 777 1897 845 aut
1915 824 1938 864 ,
1996 762 2073 867 si
2103 765 2272 846 iter
2306 762 2664 872 nostrum
2688 764 3214 871 comperiant,
3258 721 3504 873 ¹94⁶

296 899 515 980 mari
565 895 819 981 adhuc
864 895 1408 1005 custodiendos
1453 921 1604 980 nos
1648 897 2105 981 trademus.
2235 895 2414 981 Rex
2479 894 2846 1004 Magnus
2911 898 3248 995 itinere.

299 1029 539 1139 ipsius
566 1029 966 1138 conaniffb
995 1030 1352 1114 arbitrio
1367 1089 1389 1132 ,
1455 1031 1572 1113 ad
1584 1025 1697 1138 se,
1721 1031 2343 1144 qvandocunqve
2363 1028 2755 1138 placeret,
2784 1032 3054 1115 redire
3071 1030 3215 1138 ju·

299 1162 458 1249 bet.
583 1163 757 1274 Post
771 1162 933 1247 haec
949 1157 1511 1271 Rfignvalldus
1542 1188 1841 1247 navem
1869 1158 2110 1270 luam
2130 1161 2468 1271 instruit
2486 1224 2510 1265 ,
2574 1164 3214 1273 comitatumqve
3367 1238 3372 1245 .

301 1295 544 1409 eligit
580 1296 1070 1407 exqvifi'tum
1084 1358 1107 1399 ,
1173 1296 1310 1380 cui
1337 1292 1444 1404 se
1494 1297 1831 1406 qvidam
1913 1288 2173 1381 aulici
2236 1295 2493 1410 Regis
2553 1294 2852 1407 Magni
2921 1297 3219 1406 'adjun-

298 1448 608 1515 xerunt
624 1493 649 1534 ‚
725 1430 939 1515 unde
997 1453 1290 1515 navem
1306 1491 1329 1533 ,
1365 1423 1921 1537 filestiffimis
1985 1425 2468 1541 instrullam
2521 1430 2979 1535 militibus,
3051 1432 3228 1518 ine·

297 1579 496 1650 rante
534 1562 810 1673 hyeme
846 1564 1018 1652 alto
1049 1562 1679 1671 committebant
1710 1558 1816 1651 θ’
1843 1563 2126 1651 ventis
2121 1559 2515 1673 secundis
2542 1565 3022 1656 utebantur.

561 1823 1486 1997 R‘dgnvalldus
1572 1823 1714 1957 in
1795 1822 2278 1959 insulas
2370 1822 2940 1963 devenit.

296 2015 935 2214 Rfignvalldus
1003 2099 1490 2187 Hiatlandiae
1534 2106 1908 2212 primum
1969 2100 2342 2216 aHapfics,
2402 2099 2975 2188 Thorfinnum
3027 2128 3220 2189 cum

286 2241 611 2346 paucis,
680 2238 996 2341 <nauus
1038 2239 1261 2322 enim
1278 2301 1297 2333 ‚
1336 2233 1510 2345 ipsa
1547 2238 1843 2323 bruma
1892 2240 2281 2350 instante,
2324 2237 2578 2349 hostes
2607 2235 2998 2352 sperabat
3014 2241 3075 2344 ,)
3109 2238 3234 2321 in.

307 2366 1055 2480 Orcadibusst’dere
1099 2369 1529 2472 audiebat,
1593 2373 1803 2458 unde
1850 2375 2125 2459 eodem
2157 2373 2450 2484 [latim
2495 2373 2780 2459 tendet
2795 2433 2819 2477 ,
2886 2372 3206 2460 Comite

303 2501 771 2590 Thorfinno
829 2507 920 2591 in
968 2502 1344 2590 Hrosseia
1386 2501 1673 2614 securo
1721 2507 2093 2621 degente.
2224 2498 2439 2596 Cum
2486 2526 2771 2594 autem
2827 2509 2919 2593 in
2970 2505 3214 2616 Orqa·
3271 2516 3278 2521 ’

311 2638 451 2725 des
519 2641 845 2726 veniret
910 2633 1468 2748 Rfignvalldus
1491 2702 1514 2743 ,
1579 2640 1750 2724 iter
1794 2643 2218 2756 dirigebat
2287 2641 2379 2728 eo
2430 2643 2578 2728 ubi
2639 2639 3216 2729 Thorfinnum

322 2775 464 2885 effe
520 2774 1045 2884 exqvirebat,
1111 2799 1216 2859 ex
1254 2769 1710 2887 'improviso
1781 2777 1977 2861 adeo
2027 2771 2627 2888 superveniens
2658 2840 2681 2881 ,
2771 2796 2878 2862 ut
2934 2771 3216 2884 infiiis

317 2909 673 2999 omnibus
685 2968 707 3011 ,
763 2905 1146 3019 singulas
1207 2905 1663 3011 domicilii,
1743 2909 1835 2991 in
1899 2936 2051 3018 qvo
2117 2905 2640 2993 Thorfinnus
2703 2936 2888 2993 cum
2953 2906 3211 2992 adhae·

318 3043 674 3129 rentibus
704 3100 728 3144 ,
783 3040 1023 3148 sores
1112 3056 1613 3150 occuparent.
1805 3040 2010 3124 Nox
2104 3058 2352 3151 erat,·
2443 3041 2963 3125 dormiebant
3036 3037 3222 3145 plu-

320 3181 552 3280 rimi,
650 3174 976 3260 Comite
1060 3175 1317 3259 adhuc
1428 3170 1838 3281 cerevifiis
1924 3172 2423 3285 indulgente.
2650 3166 3224 3283 Rfignvahdus

320 3340 486 3399 cum
516 3306 713 3420 suis
759 3311 1038 3419 ignem
1116 3306 1359 3393 tellis
1391 3302 1947 3416 subjiciebat,
2052 3332 2344 3392 verum
2422 3302 2943 3393 Thorfinnus
3017 3298 3218 3395 com-

318 3463 538 3559 perta
599 3439 1000 3528 violentia
1017 3504 1038 3543 ,
1115 3444 1232 3527 ad
1267 3439 1508 3551 fores
1540 3441 1663 3525 'de
1729 3442 1958 3526 ducis
2024 3444 2351 3528 nomine
2391 3439 2968 3552 scistitaturos
3028 3443 3223 3527 mit-

322 3581 537 3665 tebat
571 3640 594 3681 ,
690 3575 828 3683 qvi
923 3574 1337 3659 Comitem
1442 3571 2054 3684 Rfignvalldum
2144 3604 2234 3663 eo
2317 3577 2615 3687 veniffit
2706 3573 3178 3684 referebant
3195 3635 3220 3677 ,

319 3715 515 3799 unde
610 3732 850 3793 arma
942 3708 1374 3817 capiebant
1409 3769 1432 3813 ,
1495 3705 1647 3818 led
1720 3707 2159 3818 defensioni
2238 3737 2399 3798 non
2476 3727 2664 3796 erat
2721 3709 2977 3812 locus,
3056 3733 3218 3791 om·

314 3872 449 3932 nes
535 3843 760 3929 enim
852 3840 957 3923 ab
1002 3870 1017 3879 ’
1060 3843 1299 3926 exitu
1404 3840 1983 3929 coercebantur
2007 3904 2031 3948 ,
2127 3842 2376 3930 tellis
2470 3843 2854 3930 celeriter
2951 3816 3236 3928 inem-‘T

295 3981 473 4091 fi53
576 3972 911 4072 iubebat
960 3974 1275 4086 ,igitur
1364 3972 1886 4061 Thorfinnus
1905 4040 1928 4080 ,
1976 3994 2079 4062 ut
2141 3979 2415 4062 vitam
2488 3975 2918 4085 servaturi
2997 4005 3219 4090 egre-

310 4111 587 4199 diendi
662 4122 1133 4215 expeterent
1196 4112 1529 4194 veniam
1546 4172 1569 4212 ,
1669 4138 1915 4222 qvam
1968 4108 2350 4220 faeminae
2414 4136 2687 4196 omnes
2734 4104 2844 4195 ΕΞ*
2881 4105 3108 4217 servi
3160 4116 3221 4199 d

308 4236 827 4354 Rognvalldo
846 4299 869 4340 ‚
922 4239 1329 4347 plurimos
1390 4246 1721 4330 comitis
1796 4240 2248 4328 Thorfinni
2282 4240 2702 4353 satellites
2737 4240 2911 4351 fibi
2980 4247 3222 4332 vivos

190 4436 199 4445 -
310 4404 550 4493 qvam
609 4390 987 4461 mortuos
1049 4398 1211 4458 non
1243 4372 1768 4483 salubriores
1827 4375 2219 4485 afferente
2233 4438 2255 4481 ,
2323 4378 2922 4488 impetrabant«
3012 4380 3228 4500 Qi-

308 4515 634 4630 buspax
647 4502 1006 4619 conceffz
1036 4522 1249 4620 erat,
1266 4507 1942 4731 extrahebantulz.
2071 4510 2362 4605 Comes
2386 4507 2914 4624 Thorfinnus
2938 4514 3223 4756 idjpolu:

1394 4671 1409 4683 “
3148 4669 3224 4729 tt
