4100 5284
1252 369 1798 475 HISTORIA
1848 362 2726 458 oRcADENSfflM
3449 383 3562 477 31

890 644 1060 737 par
1099 622 1269 734 sthi
1333 614 1555 729 visits
1608 616 1938 732 'regioni
1999 611 2355 716 tuendae,

906 775 1010 865 ἔθ’
1073 770 1482 881 animosus
1542 770 1763 857 alias
1822 763 2244 876 laceffendi
2254 793 2289 872 ;

892 927 1285 1017 Alacrior
1330 924 1647 1012 Enaris·
1680 921 1976 1033 fratre

892 1107 1126 1167 nemo
1161 1075 1335 1189 sub
1378 1074 1612 1162 caelo.

230 1441 249 1449 -
388 1343 864 1433 Thorfinno
951 1346 1011 1429 d
1068 1340 1290 1456 Rege
1350 1338 1779 1427 Scotorum
1843 1350 2246 1448 paratum
2310 1334 2606 1443 ubiqve
2672 1330 3091 1417 auxilium
3154 1331 3400 1441 ipsius·
3465 1333 3574 1419 in.

384 1477 746 1568 Orcades
807 1481 1184 1593 regimen
1248 1473 1611 1561 ncultum
1665 1469 2115 1583 promovit.
2312 1466 2488 1575 Post
2562 1442 3324 1573 reconciliationem
3365 1463 3555 1573 fra·

378 1634 609 1700 trum
672 1641 824 1699 rex
889 1612 1178 1696 Scotiae
1254 1609 1504 1710 obiit,
1573 1607 1712 1691 cui
1768 1608 1864 1690 in
1928 1627 2188 1716 regno
2225 1593 2628 1711 succeffit'
2666 1595 2967 1682 Kallius
3034 1596 3355 1683 Hundii
3385 1662 3409 1703 ‚
3472 1602 3554 1685 is

380 1747 875 1833 Katanefiam
894 1808 918 1849 ‚
988 1770 1150 1830 non
1196 1742 1421 1853 seem
1477 1768 1573 1826 ac
1637 1734 2297 1846 antecefforihus‚
2356 1732 2529 1842 sibi
2591 1730 2967 1845 obtigtffi’
3030 1736 3552 1838 contendens,

384 1912 488 1969 ex
552 1885 832 1969 eadem
892 1897 993 1964 ut
1055 1878 1256 1962 aliis
1317 1875 1646 1959 tributa
1711 1871 1996 1983 exegit
2010 1899 2040 1975 ‚-
2114 1869 2419 1952 Verum
2481 1892 2747 1979 comes
2820 1860 3339 1948 Thorfinnus
3402 1867 3554 1950 hae·

377 2020 822 2105 reditatem
860 2015 1035 2126 fibi
1094 2011 1200 2097 ab
1264 2036 1418 2098 avo
1481 2020 1858 2091 materno
1922 1998 2297 2087 relic'lam
2314 2061 2338 2102 ,
2433 1999 2589 2108 etsi
2624 1995 3129 2105 ‘Katanefiam
3147 2058 3169 2100 ,
3266 2014 3551 2109 utpote

360 2154 531 2265 fibi
590 2167 842 2240 antea
903 2149 1229 2249 datam,
1317 2153 1941 2242 annumeraret,
2040 2133 2267 2219 haud
2324 2132 2589 2217 nimis
2662 2132 2962 2243 augeri
3025 2146 3271 2216 ratus
3291 2192 3313 2235 ,
3396 2135 3549 2216 tri·

384 2290 591 2375 buta
640 2283 966 2399 solvere
1029 2276 1361 2393 prorsus
1443 2276 1797 2387 denegat
1810 2336 1833 2377 ‚
1928 2271 2141 2355 unde
2222 2262 2570 2381 diffidiis
2655 2265 2873 2351 ortis
2887 2325 2912 2370 ‚
3012 2260 3235 2350 alter
3295 2262 3550 2351 alteri

376 2447 613 2511 arma
672 2415 1113 2529 inferebat.
1240 2410 1423 2499 Rex
1487 2405 1782 2492 Kallias
1848 2398 2367 2489 Moddanem
2386 2463 2408 2504 ,
2462 2396 2897 2510 sororium
2944 2395 3206 2507 snum
3222 2461 3247 2503 ‚
3309 2402 3547 2486 comi&

384 2558 502 2642 tis
559 2551 809 2639 titulo
868 2549 1269 2650 donabat,
1320 2541 1749 2628 Katanefiae
1791 2534 2331 2651 praefhelurus
2342 2563 2377 2642 ,·
2446 2533 2610 2618 Hic
2673 2531 3038 2617 Scotiam
3106 2530 3542 2647 australem

386 2686 911 2787 transeundo,
973 2685 1397 2797 ingentem
1437 2678 1867 2785 contraxit
1931 2671 2391 2758 exercitum
2407 2729 2431 2772 ,
2515 2668 2611 2753 de
2674 2693 2831 2778 qvo
2897 2670 3202 2754 certior
3265 2664 3544 2753 Thon

379 2820 639 2909 finnus
717 2819 1037 2905 milites
1114 2817 1206 2901 in
1281 2807 1688 2897 Katanefia
1750 2802 2228 2919 conscribit,
2325 2802 2463 2888 cui
2518 2799 2984 2886 auxiliares
3045 2795 3542 2885 Thorkillus’

374 2954 630 3040 Fostri
693 2956 794 3039 de
856 2950 1305 3040 orcadibus
1364 2948 1637 3055 copias
1684 2937 1958 3056 secum
2017 2938 2423 3023 adducens
2439 2996 2461 3037 ,
2538 2930 2813 3041 effecit
2831 2997 2852 3038 ,
2918 2952 3021 3019 ut
3080 2934 3311 3021 Scoti
3324 2997 3346 3040 ,
3408 2935 3544 3022 his

371 3093 650 3205 qvippe
726 3088 1148 3173 evidenter
1223 3080 1662 3192 inferiores
1747 3074 2077 3179 ideoqve
2172 3070 2288 3150 ad
2359 3067 3009 3177 aggrediendum
3094 3069 3546 3173 tardiores-3

370 3232 462 3313 in
527 3224 885 3310 Scotiam
960 3217 1423 3329 eqvitantes
1485 3217 2134 3296 reverterentur.
2235 3250 2242 3255 -
2295 3198 2587 3284 Comes
2649 3191 3174 3279 Thorfinnus
3238 3194 3547 3284 Sudur·

369 3357 726 3446 landiam
790 3350 894 3441 ἔθ’
960 3345 1276 3436 Rofiam
1318 3346 1491 3454 sibi
1526 3339 2030 3453 fitbjiciem‘,
2133 3331 2492 3419 Scotiam
2557 3332 2822 3416 armis
2873 3325 3162 3440 paffim
3225 3331 3544 3446 infesta.

372 3497 570 3596 bat,
668 3484 826 3601 ipse
889 3487 1078 3571 inde
1142 3487 1233 3569 in
1296 3473 1836 3574 Katanefiam‚
1902 3463 2313 3554 Thorkell
2378 3468 2471 3549 in
2537 3461 2886 3573 insulas‘,
2984 3468 3263 3574 copiae‚
3341 3493 3547 3577 qvas

376 3631 820 3724 eduxerat,
882 3622 1208 3706 domum
1274 3592 1923 3699 revertebantur
2116 3603 2407 3688 Comes
2467 3584 2988 3708 Dun'galsbaei
3054 3599 3145 3681 in
3210 3598 3547 3684 Katane·

377 3762 484 3848 fia
516 3755 817 3871 sedens
835 3816 855 3855 ‚
918 3752 1268 3861 qvinqve
1334 3768 1585 3829 naves
1646 3740 1936 3851 longas
2016 3752 2501 3844 tantamqve
2566 3754 2906 3815 manum
2924 3792 2946 3833 ,
2993 3746 3097 3813 ut
3160 3731 3356 3817 bene
3422 3739 3541 3821 in-

370 3890 692 4008 struaae
754 3885 1037 3995 efflent,
1100 3878 1477 3967 habehat.
1635 3868 2021 3956 Moddan
2080 3868 2384 3980 Regem
2448 3859 2791 3947 Kallium
2860 3862 3208 3947 Bervicae
3272 3894 3545 3954 conve.

371 4032 656 4127 niens,
758 4020 907 4131 ipsi
996 4011 1541 4123 expeditionis
1620 4003 2178 4111 infortunium
2257 3999 2610 4107 exponit
2639 4057 2663 4098 ,
2756 3997 2898 4105 qvi
2988 3997 3307 4109 infestis
3355 3997 3543 4110 βιῶ

370 4158 687 4249 ditioni
763 4152 1031 4239 armis
1101 4158 1591 4259 provocatus
1609 4203 1632 4247 ‚
1730 4137 2107 4223 undecim
2181 4127 2592 4239 confestim
2673 4129 3027 4215 navibus
3100 4130 3374 4244 longis
3436 4129 3542 4220 ξφ

2921 4306 2926 4313 -
3185 4332 3198 4341 .
3257 4289 3537 4381 mgen-
