4100 5284
1240 323 1792 472 HISTDRIA'
1841 383 2704 475 ORCADENSIUM
3246 391 3418 498 365

525 622 836 712 Cunila
867 645 1388 725 armamenta
1421 629 1668 716 navis
1714 627 2109 737 auferunt
2143 631 2606 739 eisdemqve’
2630 624 3175 739 prospiciunt5
3225 632 3409 715 mit-
3440 631 3520 698 A.
3555 633 3642 700 D·

521 759 915 842 tebantur
947 762 1038 842 in
1070 763 1305 844 villas
1342 761 1645 845 ibidem
1691 759 2094 871 mansuri,
2154 763 2357 871 qvid
2410 778 2693 846 autem
2724 763 3008 848 Comes
3037 759 3141 849 ἔθ’
3168 763 3419 868 majo·
3454 752 3477 817 ¹
3514 749 3550 815 Ῑ
3575 746 3618 836 5
3643 734 3694 829 8

513 893 652 984 ris
698 907 913 976 notae
974 893 1143 976 viri
1200 889 1600 1002 struerent
1618 952 1641 995 ‚
1712 893 2185 977 inaudiunt.
2251 891 2557 976 Sveinn
2606 891 2929 981 Asleifae
2987 891 3147 1005 ipse
3189 897 3415 1005 qvin-

504 1040 643 1107 tus
692 1025 782 1107 in
829 1040 1187 1109 montem
1251 1020 1609 1132 ascendit
1668 1021 1771 1112 Εἴ
1820 1023 2050 1109 ultra
2090 1026 2207 1109 ad
2245 1051 2473 1111 mare
2519 1027 2760 1114 donec
2801 1034 2892 1112 in
2932 1026 3225 1113 villam
3279 1056 3407 1115 ve·

421 1235 426 1240 ,
505 1157 731 1241 niret
784 1157 1009 1240 inter
1075 1158 1461 1240 tenebras
1501 1156 1711 1241 clam
1739 1155 2198 1268 progreffits
2234 1157 2363 1267 est.
2492 1156 2899 1271 Audiunt·
2941 1162 3175 1245 intus
3212 1186 3411 1273 gar·

506 1293 839 1373 rientes.
967 1286 1183 1373 Erat
1248 1289 1374 1372 ibi
1422 1305 1671 1397 pater
1727 1285 2283 1393 ThorfinnuS,
2364 1287 2617 1398 filius
2682 1288 3242 1400 Augmundus
3308 1288 3411 1380 ἔθ’

508 1417 856 1529 ipsorum
913 1419 1190 1527 affinis
1259 1415 1694 1521 ErlendUS,
1767 1424 1911 1530 qvi
1975 1417 2066 1525 le
2124 1422 2444 1507 Comiti
2508 1420 2865 1508 Erlendo
2929 1423 3407 1530 lethiferum

503 1553 806 1638 vulnus
830 1548 1218 1662 inflixiffe
1241 1548 1668 1658 Jacflahat,
1732 1577 2004 1637 omnes
2048 1567 2334 1637 autem
2388 1551 2733 1663 mascule
2788 1553 3226 1666 conflixiſje
3249 1557 3411 1664 fibi

509 1685 1023 1771 videbantur.
1218 1684 1383 1768 His
1411 1686 1729 1768 auditis
1774 1683 2079 1768 Sveinn
2117 1710 2310 1769 cum
2340 1683 2586 1794 fizciis
2630 1689 3106 1801 ingreditur
3120 1751 3142 1793 ‚
3205 1686 3410 1797 ipsos

502 1821 811 1903 accedit
862 1814 965 1904 Εἴ
1034 1801 1485 1900 Erlendum
1552 1818 1846 1925 absqve
1903 1843 2136 1902 mora
2201 1816 2372 1901 icfln
2410 1816 2864 1928 interficit.
3055 1821 3406 1929 Captum

503 1948 1066 2035 Thorfinnum
1095 1947 1379 2060 ficum
1411 1951 1855 2051 abducunt,
1919 1951 2204 2059 Augm
2214 1946 2479 2033 undus
2506 1968 2787 2037 autem
2806 1969 3200 2062 perqvam
3232 1951 3403 2038 vul·

498 2101 863 2169 neratur.
954 2084 1299 2166 ·Sveinn
1355 2109 1538 2167 cum
1591 2082 1898 2191 aſjeclis
1940 2083 2292 2192 Thingv
2307 2080 2443 2165 olli
2499 2101 2895 2192 patruum
2927 2083 3164 2194 fuum
3215 2080 3404 2168 Hela

502 2220 735 2326 gium
784 2216 1162 2302 convenit
1206 2213 1309 2304 Εἴ
1348 2217 1564 2324 apud
1595 2240 1779 2300 eum
1815 2217 2085 2325 primo
2131 2212 2556 2326 Juliorum
2599 2216 2925 2305 latitat.
3112 2219 3398 2306 Comes

494 2345 1048 2460 R6gnvalldus
1096 2337 1451 2457 tempore
1474 2345 1674 2455 festi
1701 2344 2059 2456 Julensts
2106 2352 2197 2434 in
2243 2347 2693 2459 Daminsey
2714 2348 2800 2457 fe
2830 2350 3180 2456 confert,
3247 2351 3391 2436 Co-

495 2510 668 2570 mes
701 2509 891 2570 vero
942 2479 1382 2567 Haralldus
1431 2479 1912 2588 Kirkiuvogi
1942 2478 2235 2588 fidea-
2404 2483 2710 2566 Mittit
2775 2482 3062 2568 Comes
3124 2484 3399 2592 Rdgn·

497 2613 804 2701 valldus
845 2617 1179 2702 nuncios
1227 2610 1834 2720 Thingvollum
1868 2629 2268 2723 rogatqve
2306 2609 2704 2720 Helgium
2741 2631 2844 2699 ut
2889 2618 3198 2700 indicet
3225 2643 3399 2727 cog·

496 2767 691 2836 nato
747 2747 1016 2833 Sveini
1032 2810 1056 2849 ‚
1111 2747 1187 2854 fi
1222 2747 1367 2831 ubi
1410 2745 1598 2854 effet
1641 2745 1797 2853 ipfi
1838 2745 2229 2852 constaret
2243 2806 2264 2844 ‚
2329 2747 2739 2832 Comitem
2788 2743 3395 2856 Rognvalldum

496 2909 682 2969 eum
758 2899 1110 2991 tempore
1180 2876 1364 2986 festi
1425 2874 1782 2985 Julenfis
1848 2878 1963 2958 ad
2011 2873 2098 2981 se
2161 2878 2563 2981 invitare,
2626 2905 2967 2987 eumqve
3033 2881 3228 2986 paci
3276 2881 3394 2961 in·
3472 2984 3479 2990 ς

497 3033 632 3099 ter
667 3015 1068 3100 Comitem
1109 2995 1595 3107 Haralldum
1637 3005 1739 3093 δ”
1776 3007 2030 3115 ipsum
2059 3002 2529 3114 fiznciendae
2576 3027 2900 3117 operam
2945 3011 3142 3095 dare
3174 3015 3392 3095 velle.

495 3149 705 3232 Cum
744 3146 1012 3231 Sveini
1048 3146 1193 3230 hoc
1239 3146 1560 3230 veniret
1606 3141 2034 3238 nuncium,
2114 3164 2257 3223 con
2267 3142 2490 3224 venit
2518 3141 2921 3226 Comitem
2950 3140 3383 3250 R6gnvall·

499 3276 702 3363 dum
758 3276 862 3366 ἔθ’
909 3279 1127 3388 apud
1164 3273 1417 3384 ipsum
1443 3273 1832 3358 ultimam
1859 3267 2283 3378 Juliorum
2325 3288 2676 3381 partem,
2736 3272 3212 3361 humaniter
3251 3275 3391 3388 ha·

499 3410 754 3516 bitus,
816 3425 1384 3496 commoratur.
1655 3393 1662 3398 ⁶

798 3650 1016 3783 De
1082 3642 1614 3780 Comite
1673 3641 2332 3776 Haralldo
2404 3641 2555 3779 δι
2622 3642 3093 3777 Sveine

1157 3902 1166 3908 ·
1651 3824 2236 3961 Asleifae.

481 4005 722 4221 Post
767 4110 1069 4221 festum
1134 4109 1465 4224 Julenje
1495 4075 1936 4218 conventus
1997 4111 2222 4203 inter
2267 4106 2603 4193 comites
2638 4093 3187 4219 Sveinemqve
3217 4111 3381 4220 sta·

489 4248 765 4331 tuitnr
789 4306 814 4351 ‚
876 4250 965 4332 in
1028 4271 1179 4357 qvo
1229 4273 1362 4330 res
1375 4307 1398 4349 ‚
1445 4246 1540 4332 de
1606 4246 1893 4353 qvibus
1947 4261 2197 4327 antea
2256 4256 2888 4347 contraxerant,
2976 4242 3381 4356 tranfige·

1866 4375 1943 4458 Z
1960 4402 2016 4459 z
2086 4393 2130 4482 3
3186 4388 3377 4461 rent
