4100 5284
1218 377 1754 482 HJSwRIA
1853 380 2718 490 oRcADENSmM.
3184 383 3409 508 Φ389

488 628 722 714 tebat
767 649 1056 715 verum
1122 625 1332 713 it'iui
1389 631 1721 716 obviam
1779 653 2121 716 manum
2178 626 2426 715 Aso'lfi
2497 642 2905 740 amputat.
3046 625 3415 738 offendit
3463 628 3546 696 A.
3579 629 3671 697 D·

485 764 675 846 inde
701 759 1042 872 gladius
1083 762 1439 849 Comitis
1483 780 1857 848 mentum
1901 786 2353 876 magnoque
2378 764 2718 848 vulnere
2755 759 3038 871 afficit.
3168 761 3407 878 Dice·
3458 744 3495 812 Ῑ
3524 746 3558 812 Ῑ
3579 745 3622 832 5
3635 741 3695 830 9

482 892 631 977 bat
684 889 1009 977 Asolfus
1056 920 1239 979 cum
1284 892 1538 982 ilium
1585 897 2083 1007 perciperet,-
2137 891 2589 1005 leqvantur
2632 896 2950 1003 maJore
2973 892 3407 1005 fidelitate

481 1026 888 1113 Comitem
944 1029 1090 1137 qvi
1152 1013 1244 1113 ei
1295 1028 1621 1135 majora
1690 1031 1900 1116 dona
1963 1054 2491 1115 remunerare
2546 1030 2843 1116 debent
2874 1089 2897 1132 ,
2975 1043 3162 1113 erat
3212 1044 3408 1113 tunc

478 1157 916 1244 oHodecem
963 1183 1218 1247 annos
1276 1178 1528 1248 natus
1580 1162 1897 1268 Comiti
1910 1189 2065 1273 qve
2120 1162 2487 1272 paulum·
2512 1178 2710 1248 ante
2772 1159 3193 1268 addictum
3260 1160 3329 1246 C
3328 1186 3403 1246 o·

475 1293 717 1375 mitis
759 1290 1274 1403 R6gnvalldi,
1319 1322 1505 1380 cum
1532 1293 2181 1380 Thorbic‘irnum
2215 1297 2581 1398 videret,
2621 1321 2729 1379 ex
2763 1319 2968 1404 eqvo
3014 1292 3396 1379 celeriter

465 1420 922 1531 'descensuri
967 1446 1109 1536 pes
1142 1431 1232 1513 in
1263 1427 1542 1540 stapia
1564 1424 1808 1537 fixus
1855 1428 2218 1514 haerebat
2227 1456 2264 1535 ,·
2331 1419 2645 1514 accedit
2700 1452 2897 1513 mox
2944 1424 3399 1536 Stephanus

479 1551 583 1642 ΕΤ
616 1557 1029 1645 Comitem
1054 1560 1276 1672 hasta
1297 1565 1569 1673 petit,·
1632 1578 1829 1649 tunc
1855 1557 2447 1646 Thorbifirnus
2474 1558 2712 1645 aliud
2724 1560 2793 1646 C
2792 1561 3037 1647 omiti
3074 1557 3402 1676 infligit

475 1687 780 1774 vulnus
798 1754 818 1794 ,
862 1696 1139 1779 eodem
1169 1721 1362 1781 vero
1392 1714 1804 1783 momento
1824 1694 1887 1807 J
1890 1718 2269 1780 ormarus
2270 1689 2565 1800 femur
2581 1690 3127 1797 Thorbifirni,
3181 1692 3404 1804 hasta

476 1824 568 1905 in
597 1824 755 1907 ilia
784 1826 1324 1936 ingrediente,
1347 1827 1585 1928 serit.
1656 1833 1868 1915 Tum
1892 1846 2095 1939 pone
2122 1829 2332 1913 cedes
2345 1821 2448 1935 se
2473 1826 2919 1935 recipiunt3
2960 1828 3085 1912 ibi
3106 1844 3243 1935 per
3279 1828 3399 1910 in·

466 1972 809 2067 gentem
862 1958 1169 2044 clivum
1239 1964 1826 2062 decurrendum
1901 1962 1993 2047 in
2044 1960 2431 2069 paludem
2507 1957 2913 2068 coenolam.
3058 1958 3176 2044 Eo
3240 1954 3402 2068 ipsta

470 2105 878 2176 momento
923 2092 1212 2179 Comes
1244 2090 1688 2188 Haralldus
1714 2094 2227 2197 adveniebat,
2264 2094 2399 2177 ita
2425 2107 2525 2176 ut
2553 2093 2646 2175 in
2671 2093 2821 2176 via
2849 2088 3397 2178 Thorbic‘irno

468 2245 651 2304 cum
662 2218 864 2330 suis
922 2243 1419 2336 occurreret,
1486 2221 1736 2337 illise
1777 2228 2137 2313 invicem
2192 2241 2773 2341 cognoverunt.
2951 2226 3183 2312 Tunc
3231 2223 3397 2312 Ha·

471 2349 832 2437 ralldiani
897 2376 998 2442 ut
1049 2356 1690 2445 Thorbit'irnum
1722 2387 1907 2446 cum
1937 2360 2121 2466 ejus
2154 2361 2598 2461 comitatu,
2660 2356 2799 2443 illi
2822 2359 2968 2470 qvi
3018 2358 3200 2466 ejus
3219 2377 3395 2470 pro·

455 2488 816 2596 positum
824 2490 1300 2598 sciverunt,
1348 2492 1958 2606 inseqverentur
1972 2556 1994 2596 ,
2028 2493 2350 2580 hortati
2383 2488 2580 2598 funt
2594 2552 2619 2594 ,
2685 2492 2828 2578 hoc
2872 2518 3067 2580 vero
3105 2491 3395 2578 Comes

465 2618 901 2707 Haralldus
945 2625 1455 2735 diffvadebat
1476 2690 1499 2730 ,
1565 2633 1840 2715 dicens
1895 2626 1981 2738 se
2024 2625 2441 2734 confilium
2501 2625 2857 2711 Comitis
2900 2622 3392 2734 Rognvaudi

464 2753 615 2838 hac
679 2757 776 2841 de
829 2783 917 2842 re
963 2756 1420 2869 exspectare
1482 2765 1677 2846 velle
1696 2822 1722 2864 ,
1783 2788 2005 2865 cum,
2069 2760 2347 2868 inqvit
2363 2818 2386 2858 ,
2447 2758 2585 2840 uti
2629 2773 2922 2842 notum
2984 2757 3090 2866 est
3150 2758 3392 2844 vobis

466 2882 1053 2974 Thorbic‘irnus
1099 2910 1433 3003 propter
1483 2893 2329 3009 confimgvineitatem
2376 2886 2480 2976 ἐφ’
2532 2892 3103 3001 cognationem
3148 2886 3397 2997 neces-³

449 3017 733 3126 sarius
783 3049 1013 3110 meus
1048 3028 1226 3134 sit,-
1296 3026 1475 3144 Qi
1514 3053 1707 3114 vero
1750 3027 1978 3135 apud
1999 3025 2409 3111 Comitem
2447 3037 2695 3106 erant
2743 3017 3403 3132 R6gnvalldum‚'

460 3151 612 3260 ipsi
655 3153 900 3267 occiso
942 3157 1325 3272 lugentes
1351 3159 1780 3268 adstabant
1792 3188 1827 3267 ,·
1898 3158 1990 3242 al
1992 3160 2459 3267 iqvantum·
2472 3157 2737 3239 etiam
2771 3159 3167 3265 temporis
3195 3153 3388 3270 eflu-

457 3302 707 3369 xerat
792 3316 975 3375 cum
1054 3288 1493 3375 Haralldus
1560 3317 1744 3377 cum
1795 3289 1996 3401 suis
2058 3314 2272 3377 nova
2350 3287 2739 3372 audiret:
2839 3286 3124 3401 egreffl
3179 3305 3386 3376 tunc

457 3419 550 3503 in
645 3419 1033 3529 paludem
1064 3485 1087 3528 ,
1180 3428 1323 3535 qvi
1406 3441 1560 3535 per
1654 3426 1991 3511 eandem
2085 3421 2533 3507 ducebatur
2564 3482 2589 3524 ,
2703 3420 2997 3507 limum
3112 3439 3385 3510 trans-

457 3549 804 3660 ierant,·
870 3555 1257 3643 hortante
1313 3584 1512 3646 vero
1565 3559 1986 3646 Comitum
2041 3556 2450 3643 comitatu
2492 3555 2584 3674 in
2628 3553 3015 3664 paludem
3068 3554 3386 3644 Harall-

457 3678 608 3767 dus
696 3712 881 3772 cum
949 3685 1149 3798 fitis
1239 3692 1606 3778 decurrit
1701 3688 1805 3778 ἔθ’
1881 3691 2106 3798 apud
2188 3688 2482 3771 limum
2556 3685 2907 3792 offendit
2934 3749 2957 3790 ,
3064 3691 3198 3776 ita
3276 3708 3379 3776 ut

453 3818 569 3901 ad
609 3815 867 3927 suum
921 3823 1255 3930 qvisqve
1315 3822 1549 3908 latus
1574 3811 1580 3818 ⁹
1604 3824 1859 3934 staret
1874 3885 1896 3925 ,
1958 3823 2230 3932 ripam
2290 3815 2877 3903 Thorbifirnus
2950 3846 3139 3903 cum
3196 3820 3386 3929 suis

450 3947 854 4058 defendit,
901 3951 1507 4064 confluentibus
1535 3973 1734 4042 tunc
1762 3951 2157 4065 adipsum
2188 3951 2632 4060 domesticis
2662 3952 2807 4060 qvi
2834 3948 3095 4059 ipsum
3106 3950 3386 4061 secuti

426 4080 794 4192 fuerant
810 4147 829 4184 ‚
893 4112 1237 4193 avorum
1295 4089 1388 4174 in
1453 4089 2255 4202 qvinqvagenarium
2308 4109 2700 4169 numerus
2758 4083 3041 4208 evafit.
3189 4087 3381 4172 For·

447 4215 768 4324 titerse
817 4217 1262 4322 defendunt
1299 4248 1406 4306 ex
1453 4238 1647 4331 apto
1679 4220 2120 4329 defenfioni
2160 4218 2328 4304 loco
2343 4279 2366 4320 ,
2430 4217 2686 4301 limus
2724 4217 2951 4301 enim
2992 4214 3105 4306 ἔθ’
3145 4218 3384 4308 altus

449 4343 555 4436 ef
595 4348 906 4456 vastus,
971 4349 1093 4455 ἔθ’,
1105 4356 1418 4442 circum
1462 4381 1780 4467 qvaqve
1829 4352 2081 4463 palus
2116 4347 2416 4458 caenosa
2432 4410 2458 4455 ,
2533 4351 2791 4453 unde',
2820 4348 3067 4460 hastis
3119 4347 3393 4459 solum

3019 4509 3380 4570 invicem
