4100 5284
1068 341 1621 435 HISTORIA
1719 297 2570 437 omno-Nm..
3129 357 3261 457 79

341 588 853 677 Thorfinnus
928 609 1172 676 curat
1226 593 1526 696 occidi,
1586 620 1845 680 unum
1890 593 2149 707 Regis
2154 589 2616 703 satellitem
2631 603 2833 704 pace
2868 592 3118 679 donat
3147 589 3252 696 ξφ
3320 593 3403 662 Aa
3430 592 3516 662 D.

345 730 736 819 orientem
750 722 1028 839 verstaes
1042 727 1135 809 in
1146 727 1692 842 Norvegiam,
1714 730 1904 843 regi
1925 755 2064 814 res
2079 727 2353 842 gestas
2372 728 2836 813 relaturum
2858 728 3211 844 oblegat.
3298 689 3537 801 1046

642 970 1347 1141 Sepultura
1432 969 2012 1105 Comitis
2102 967 2938 1144 R‘dgnvalldi,

334 1206 683 1400 Funus
774 1284 1271 1401 R6gnvalldi
1368 1289 1463 1374 in
1557 1287 2002 1400 Papeyiam
2049 1261 2073 1281 ⁶
2107 1290 2510 1399 maJ‘orem
2588 1306 3262 1401 transportatum

333 1426 753 1510 humatur.
945 1423 1259 1511 Ferunt
1337 1427 1883 1509 communiter
1963 1422 2574 1535 Riignvalldum
2592 1485 2614 1527 ,
2684 1443 2860 1536 prae
2941 1426 3261 1510 caeteris

331 1559 801 1646 Comitibus
813 1556 1395 1664 Orcadensibus
1409 1559 1880 1644 virtutibus
1899 1561 2340 1664 imbutum,
2351 1558 2904 1669 plurimorum
2933 1562 3264 1646 animos·

312 1693 480 1804 fibi
504 1691 990 1803 devinxiffe,
1033 1706 1217 1779 tota
1229 1709 1513 1777 antem
1544 1690 1777 1804 plebs
1810 1694 1994 1801 ejus
2019 1709 2372 1780 mortem
2385 1696 2824 1779 admodum
2851 1692 3214 1808 lugebat.

603 1915 773 2026 Post
832 1913 998 2001 haec
1060 1908 1584 2000 Thorfinnus
1644 1912 2113 2027 universas,
2179 1916 2503 2002 nemine
2567 1912 2968 2030 resistente
2982 1977 3008 2020 ‚
3070 1911 3264 2026 [νίν

337 2053 511 2167 igit
578 2049 911 2160 insulas.
2579 2073 2586 2076 ·
3067 2125 3076 2133 .

605 2273 801 2362 Ha’c
864 2273 1147 2362 omnia
1195 2275 1474 2385 primo
1539 2300 1731 2360 vere
1795 2276 1912 2361 ad
1965 2274 2275 2390 Regem
2328 2271 2749 2387 Magnum
2806 2275 2899 2361 in
2933 2271 3258 2359 Norve·
3309 2282 3394 2359 A.
3429 2282 3523 2353 D.

324 2414 575 2526 giam
626 2405 1145 2517 deseruntur,
1207 2409 1351 2518 qvi
1398 2410 1693 2494 caedem
1697 2405 1919 2521 socii
1921 2407 2078 2519 sui
2107 2407 2602 2521 Rognvalldi
2646 2412 3116 2496 maximum
3144 2437 3264 2496 re·
3303 2397 3549 2491 1047

330 2563 643 2656 putans
672 2545 1260 2627 detrimentum
1275 2603 1298 2645 ‚
1361 2569 1607 2654 qvam
1620 2546 1997 2654 primum
2029 2560 2351 2655 tempus
2377 2563 2767 2655 vacaret;
2836 2562 3023 2631 tum
3040 2547 3264 2632 enim

340 2677 597 2791 ilfium
641 2672 742 2766 ἔθ’
783 2675 1086 2798 Regem
1129 2673 1490 2763 Svenem
1547 2675 1856 2761 Ulfium
1910 2677 2258 2790 hostiles,
2291 2698 2567 2768 motus
2626 2681 3267 2792 intercedebamf,

339 2814 685 2899 eandem
709 2812 1332 2896 vindicaturum
1348 2808 1532 2922 stfi»
1573 2813 2032 2923 promittit.

461 3028 1141 3163 Convenit
1200 3032 1707 3165 Comes
1772 3030 1892 3158 T
1896 3028 2588 3161 horfinnus
2633 3031 3146 3199 Regem

1398 3220 2228 3360 Haralldum.

334 3413 862 3607 Veniebat
915 3499 1056 3587 hoc
1102 3515 1464 3610 tempore
1497 3504 1586 3586 in
1618 3502 2142 3617 Norvegiam
2171 3495 2611 3585 Haralldus
2642 3499 2993 3617 Sigurdi
3003 3495 3277 3611 filius,

345 3638 404 3721 ά
436 3651 747 3746 patruo
797 3661 990 3747 rege
1016 3631 1345 3742 Magno
1392 3636 1835 3720 dimidium
1879 3660 2229 3747 regnum
2268 3637 2472 3719 dono
2526 3636 2963 3743 accipiens,
3027 3660 3279 3744 qvare

344 3769 592 3856 ambo
633 3766 725 3850 N
728 3768 1156 3877 orvegiam
1195 3766 1619 3881 regebant.
1746 3768 1822 3856 E
1828 3765 2232 3852 ducebant
2279 3765 2561 3877 hyeme
2604 3766 2954 3878 qvadam
2995 3790 3038 3849 e
3088 3782 3276 3853 tota

344 3901 788 4012 Norvegia
804 3904 894 3984 in
911 3901 1511 4012 expeditionem
1523 3903 1828 4013 copias,-
1851 3893 2032 3986 cum
2047 3920 2328 3989 autem
2344 3897 2724 3986 anchoris
2740 3902 3054 3983 retenti
3065 3899 3287 4011 apud

345 4035 762 4147 Seleyiam
827 4049 1393 4136 morarentur,
1470 4035 1650 4119 duae
1693 4062 1946 4121 naves
1988 4035 2251 4148 longae
2300 4036 2390 4118 in
2424 4021 2759 4143 portu'm
2808 4034 2924 4118 ad
2957 4037 3281 4145 regiam

351 4173 619 4258 remis
678 4157 1150 4283 agebantnr
1163 4226 1190 4271 ‚
1252 4168 1463 4251 unde
1511 4167 1651 4253 vir
1700 4170 2078 4279 quidam,
2141 4165 2426 4253 album
2489 4167 2833 4252 indutus
2862 4173 3280 4272 cucullum,

3001 4317 3276 4388 trans·
3444 4357 3462 4370 κ
