4100 5284
1186 327 1728 432 HlstleA
1792 317 2659 418 ORCADENSIUM·
3183 325 3373 418 419

460 593 716 682 ciant.
845 587 1134 675 Comes
1166 571 1602 667 Han-alldus
1635 577 1725 660 in
1778 566 2141 658 Orcades
2174 565 2471 667 rediit,
2541 563 2677 647 cui
2710 571 2896 647 to'ta
2930 554 3378 660 Katanefia‚
3428 534 3514 604 Α·
3534 535 3628 603 D.

457 724 1133 838 qvemadmodum
1190 731 1437 799 antea
1454 774 1476 815 ,
1527 723 1868 821 pareret
1888 768 1910 807 ‚
1973 729 2265 789 verum
2304 692 2815 809 praefecst'ura.
2861 694 3147 780 comiti
3206 690 3371 774 Ha·
3664 689 3675 694 ’

461 848 717 938 talldo
766 847 1110 958 juniori
1160 845 1361 929 data
1427 863 1481 924 a
1544 861 1735 950 rege
1799 832 2091 918 Scotiae
2163 825 2753 915 concederetur.
2916 819 3016 903 In
3078 816 3374 926 hostili·

464 988 794 1075 tatibus
856 976 1108 1089 hisce,
1153 974 1399 1086 filius
1440 967 1769 1056 comitis
1829 958 2200 1047 Haralldi
2264 953 2827 1054 ThorfinnuS‚
2891 973 3128 1059 qvem
3190 947 3377 1055 obfi-

421 1227 425 1232 ,
462 1122 593 1206 ciis
620 1119 789 1204 loco
820 1116 1291 1200 retinuerat
1334 1104 1512 1189 Rex
1557 1099 1884 1199 Scotiae‚
1949 1107 2412 1200 excoecatus
2446 1087 2574 1198 eft.
2707 1082 2878 1192 Post
2913 1080 3378 1168 reconcilia·

462 1260 784 1341 tionem
838 1271 990 1331 rex
1020 1248 1110 1328 in
1155 1236 1513 1322 scotiam
1549 1224 1916 1337 reversus
1968 1223 2096 1335 est.
2178 1337 2183 1344 ’
2234 1222 2645 1309 Comitem
2694 1208 3180 1297 Haralldum
3235 1208 3379 1295 hoc

462 1403 820 1496 tempore
867 1376 1225 1465 Orcades
1275 1371 1544 1484 fhlum
1605 1363 2026 1451 dominum
2078 1366 2621 1470 agnoverunt.
2820 1347 3020 1432 Fuit
3075 1345 3376 1429 ultimo

444 1523 638 1635 fere
679 1535 1034 1628 tempore
1081 1511 1409 1599 comitis
1448 1495 1814 1591 Haralldi
1848 1523 2031 1581 cum
2068 1492 2311 1602 ipsius
2372 1481 2652 1595 affinis
2686 1479 2940 1565 Olaus
2972 1476 3076 1568 &²
3112 1477 3378 1589 jonas

464 1649 862 1741 Hallkelis
912 1671 1292 1735 coronam
1324 1667 1428 1726 ex
1475 1628 1934 1722 orcadibus
1989 1623 2478 1733 instruerent
2527 1615 2927 1701 orientem
2974 1608 3252 1721 versus
3293 1610 3384 1692 in

480 1780 1002 1892 Norvegiam
1064 1791 1351 1861 contra
1396 1790 1672 1880 regem
1725 1762 2201 1874 Sverrerem
2219 1779 2253 1859 ,⁰
2333 1748 2639 1859 Regem
2690 1736 3223 1854 aſjumfirunt
3273 1736 3447 1822 Si..-

490 1916 859 2030 gurdum
903 1909 1190 2025 filium
1243 1902 1576 2013 Magni,
1632 1890 1952 1999 Erlingi
2019 1899 2387 1995 nepotem
2396 1908 2435 1989 ς
2518 1877 2685 1961 His
2742 1872 2838 1987 fe
2894 1872 3387 1984 affociarunt'

483 2048 739 2137 multi
788 2035 1370 2130 Orcadenfium
1396 2095 1418 2136 ‚
1477 2025 1741 2115 nobili
1762 2022 2002 2132 stirpe
2034 2015 2280 2121 nati,·
2344 2007 2623 2094 cohors
2656 2023 2844 2092 erat
2891 2001 3332 2112 fortiffima
3348 2032 3383 2112 ,-

476 2184 1126 2298 Appellabantur
1152 2161 1780 2284 Eyiarssoeggiar
1814 2145 2250 2260 (insulani)
2288 2141 2385 2232 θ’
2417 2145 2530 2229 ad
2581 2160 2903 2254 tempus
2947 2140 3386 2229 Gullbeini.

475 2317 890 2437 Congreffi
915 2317 1127 2428 sunt
1179 2336 1361 2399 cum
1404 2330 1596 2417 rege
1629 2299 2018 2384 Sverrere
2059 2291 2152 2374 in
2189 2283 2727 2394 Floruvogis,
2785 2282 2931 2366 ubi
2956 2281 3392 2396 inferiores
3534 2291 3537 2294 ’

474 2459 536 2571 J
539 2486 651 2543 on
686 2454 788 2544 ΕΤ
819 2450 1089 2553 olam,
1124 2474 1305 2534 cum
1339 2468 1530 2555 rege
1536 2435 1724 2550 suo,
1770 2432 1946 2539 caefi
1948 2425 2190 2538 sunt.
2317 2417 2481 2505 His
2503 2414 2751 2529 gestis
2776 2477 2798 2518 ‚
2867 2442 3018 2501 rex
3052 2416 3392 2500 Sverrer

479 2561 908 2678 Comiteril·
938 2572 1421 2664 Haralldum
1484 2590 1791 2680 magno
1862 2561 2045 2644 odio
2107 2551 2579 2665 prosecutus
2622 2545 2729 2654 est
2800 2546 2903 2636 ξφ
2943 2546 3395 2657 seditionis.

476 2711 799 2826 causam
849 2704 1208 2814 extitiffe
1243 2696 1615 2808 culpavit
1634 2721 1668 2801 ,·
1736 2707 1825 2775 eo
1860 2684 2201 2771 tandem
2233 2677 2505 2775 venit,
2569 2690 2667 2757 ut
2717 2675 3002 2762 Comes
3027 2702 3219 2761 cum
3233 2678 3392 2785 epi-

452 2849 696 2963 scopo
735 2848 1056 2931 Biarnio
1099 2868 1202 2926 ex
1235 2833 1638 2922 occidente
1685 2829 1893 2935 iret,
1956 2819 2182 2931 regis
2259 2812 2666 2898 Sverreris
2713 2807 3209 2927 potestatise
3257 2814 3392 2898 da-

485 3002 652 3086 ret,
731 2981 1122 3092 ipfiusqve
1187 2966 1543 3088 arbitrio
1628 2961 1895 3046 totius
1970 2954 2163 3039 litis
2250 2947 2716 3057 decisionem
2787 2955 3338 3039 committeret
3353 2978 3391 3058 5

482 3110 791 3200 Multae
820 3110 988 3195 loco
1023 3133 1076 3191 a
1115 3091 1426 3191 Comite
1455 3086 1842 3179 Haralldo
1883 3103 2153 3174 totam
2193 3076 2809 3185 Hialtlandiam‚
2871 3108 3051 3167 cum
3086 3081 3393 3166 debitis

486 3243 837 3328 tributis
875 3235 977 3325 Εἴ
1007 3217 1584 3345 vestigalibus,
1648 3219 1931 3332 exegit
1956 3277 1979 3319 ,
2040 3237 2286 3324 qvam
2329 3210 2686 3297 Comites
2736 3197 3259 3296 orcadenses‘
3285 3208 3391 3294 ab

487 3407 578 3468 eo
609 3396 962 3488 tempore
1007 3396 1165 3458 non
1208 3375 1815 3475 recuperarunt.
1902 3355 2193 3443 Comes
2227 3345 2667 3436 Haralldus
2707 3350 3248 3462 qvinqvennis
3276 3373 3395 3448 co·

400 3578 404 3582 -
490 3520 739 3603 mitis
790 3510 1042 3598 titulo
1077 3522 1421 3595 ornatus
1447 3502 1768 3610 fuerat,
1814 3496 2141 3612 viginti
2175 3493 2421 3578 annis
2454 3491 2753 3574 exinde
2792 3490 2941 3598 ipst
2967 3487 3396 3581 &Comici

461 3649 758 3764 sancio
790 3641 1310 3755 Rognvalldo
1348 3641 1706 3728 Orc'ades
1718 3634 1976 3749 simul
1994 3619 2470 3744 paruerunt.
2605 3623 2774 3733 Post
2812 3627 3100 3710 caedem
3136 3629 3396 3715 Comi·

497 3787 616 3872 tis
665 3771 1155 3887 Rognvalldi
1213 3775 1498 3861 Comes
1560 3764 1991 3855 Haralldus
2040 3752 2463 3844 Orcadum
2522 3755 3017 3839 contimtum
3057 3762 3397 3867 qvadra·

485 3923 738 4038 ginta
769 3911 940 4002 octo
972 3913 1222 3998 annis
1272 3903 1559 4022 geffit·,·
1626 3906 1864 3991 Obiit
1872 3896 2230 4010 secundo
2264 3889 2705 4003 regiminis
2738 3888 2945 3998 Ingii
2975 3891 3206 3977 Bardi
3216 3895 3403 4009 filii

502 4081 763 4161 anno‚·
850 4045 1399 4157 Succeffi’runt
1465 4043 1619 4155 ipst
1652 4039 1836 4153 filii
1898 4042 2158 4152 Jonas
2223 4037 2326 4127 ἔθ’
2380 4023 2648 4117 David
2665 4054 2699 4134 5
2766 4024 3173 4115 Henrieus
3223 4031 3403 4137 ejus

478 4185 726 4300 filius
764 4188 852 4269 in
882 4183 1043 4268 Ros
1084 4182 1171 4264 in
1198 4175 1485 4263 Scotia.
1525 4178 1857 4281 (comes)
1926 4166 2471 4275 Potenttffimi
2497 4161 2734 4262 fuere
2773 4161 2997 4245 inter
3014 4163 3401 4270 Comites,

508 4336 609 4403 ut
656 4314 1030 4418 referunt
1089 4308 1445 4419 historici
1495 4307 1640 4415 qvi
1701 4306 1797 4389 de
1839 4304 1949 4386 iis
1998 4296 2559 4410 scripserunt5
2639 4294 3072 4379 nominant
3128 4321 3406 4412 nempe

510 4434 966 4549 sigurdum
1016 4433 1448 4546 EysteiniS,
1484 4432 1890 4520 Comitem
1941 4426 2509 4514 Thorfinnum
2573 4418 2902 4530 Sigurdi
2956 4420 3061 4512 85³
3099 4427 3411 4513 Harall.

1828 4562 2083 4675 Ggg
2154 4582 2199 4673 3
2572 4657 2579 4664 .
3197 4561 3404 4655 dum
