4100 5284
1122 384 1663 480 HJS'mRIA
1744 382 2176 486 SANCTI
2252 383 2683 477 MAGNI.
3177 383 3366 496 2467

456 638 715 723 batur
734 665 763 740 ‚·
819 635 1157 748 rapinas
1217 633 1324 724 θ’
1379 632 1627 740 furta
1682 633 2077 748 graviter
2126 633 2504 742 pu'm'vit,
2562 634 2894 741 piratas
2948 625 3051 720 Εἴ
3097 626 3367 719 latro·'
3402 633 3486 704 A.
3512 636 3602 704 D·

454 794 600 853 nes
614 830 638 870 ‚
715 767 897 850 tam
974 764 1283 848 divites
1357 759 1603 872 qvam
1661 769 2060 870 pauperes
2125 762 2382 846 occidi
2441 763 2810 863 curavit,
2888 762 3358 847 amicorum

438 895 701 1004 studio
765 897 855 978 in
898 892 1257 1001 judiciis
1317 916 1480 976 non
1543 887 2035 974 trahebatur
2051 949 2077 991 ‚
2141 885 2660 994 anteferebat
2720 887 2955 1001 leges.
3003 890 3358 974 divinas‘
3492 906 3509 924 ·

437 1034 962 1151 personarum
1038 1031 1578 1144 disparitati·
1542 1094 1571 1138 ,
1652 1041 2058 1141 praece’pta
2115 1027 2342 1114 Dei
2396 1029 2488 1113 in
2554 1025 2926 1114 omnibus
3015 1017 3352 1106 abunde

452 1159 919 1271 observavit
976 1158 1082 1282 Εἴ
1131 1159 1219 1270 fle
1282 1156 1539 1270 ipsum
1593 1177 1987 1270 perqvam
2049 1159 2412 1272 afflixit5
2493 1163 2781 1250 multae
2856 1174 3101 1244 erant
3178 1158 3348 1242 vir

450 1312 681 1382 tutes
758 1298 1113 1414 egregiae
1189 1319 1394 1409 qvas
1467 1292 1620 1404 ipsi
1676 1293 1857 1381 Deo
1920 1277 2490 1406 manifi‘stavit
2505 1359 2529 1401 ‚
2603 1295 2999 1388 mortales
3061 1309 3356 1382 autent

449 1429 782 1518 celavit.

1535 1673 1862 1846 cap
2016 1710 2203 1840 14.

444 1851 960 2055 Caeterum
1050 1986 1234 2047 cum
1313 1957 1590 2066 santio
1678 1959 2043 2071 Magno
2082 1961 2490 2048 mundani
2578 1965 2918 2074 imperio
3004 1963 3340 2075 regendi

442 2097 689 2207 effi’nt
760 2095 1127 2182 homines
1182 2092 1513 2201 smilis
1549 2088 1757 2204 fieri
1815 2094 2086 2181 voluit
2147 2095 2590 2181 mundanis
2650 2096 3020 2182 moribus
3086 2112 3356 2179 terre-2

432 2231 724 2350 [trium
776 2231 1294 2343 principum5
1367 2228 1730 2316 ambivit
1808 2228 2119 2315 'nobilis
2193 2254 2299 2314 ex
2339 2226 2820 2340 clariffima
2875 2228 3342 2339 principum

435 2366 726 2453 Scotiae
782 2368 1053 2478 stirpe·
1084 2365 1452 2478 virginis
1482 2358 1587 2451 Εἴ
1618 2358 1957 2474 sponsae'
1988 2364 2324 2448 domum
2372 2363 2642 2465 secum
2709 2358 3086 2464 deduaae,
3145 2360 3341 2447 cele·

437 2504 729 2591 bmvit
791 2487 1181 2613 nuptias,-
1240 2501 1453 2605 fecit
1516 2499 1658 2588 hoc
1721 2501 2015 2587 beatus
2075 2498 2441 2610 Magnus
2458 2562 2481 2604 ,
2547 2500 2688 2586 uti
2742 2500 3001 2611 postea
3064 2499 3341 2586 docuit

434 2621 945 2744 experientia
972 2692 998 2734 ,
1096 2630 1499 2741 profundo
1592 2633 1895 2717 divinae
1990 2633 2446 2718 clementiae
2518 2633 2846 2731 confilio
2919 2631 3337 2734 indubius,

416 2773 719 2886 'magis
747 2788 845 2855 nt
876 2768 1384 2855 blandientes
1438 2765 1686 2875 hujus
1717 2772 2009 2855 mundi
2069 2771 2482 2856 iHecebras
2510 2769 2885 2877 falleret,
2951 2790 3197 2875 qvam
3237 2786 3340 2854 ut

433 2900 714 3015 carnis
724 2893 907 3007 suae
968 2890 1568 3003 cupiditatibus
1612 2888 2068 3004 satageret
2085 2953 2109 2994 ‚
2172 2896 2555 2979 munitus
2609 2899 2832 2980 enim
2886 2913 3072 2980 erat
3127 2896 3337 2980 divi-

434 3056 548 3119 na
610 3023 1217 3168 conservatione
1282 3012 1382 3104 Εἴ
1445 3013 1732 3124 caelesti
1806 3017 2181 3102 virtute·
2145 3081 2173 3125 ‚
2248 3019 2768 3107 cohabitavit
2831 3025 3100 3109 decem
3153 3022 3331 3132 hye-

433 3187 609 3248 mes
669 3184 851 3244 cum
912 3153 1077 3239 hac
1097 3148 1455 3261 virgine,
1502 3143 1782 3253 castus,
1827 3142 2007 3249 sine
2075 3148 2452 3233 omnibus
2512 3154 2882 3238 venereis
2913 3156 3331 3262 peccatis·
3296 3217 3323 3260 ‚

430 3318 619 3377 cum
681 3305 962 3374 autem
1009 3282 1561 3370 tentationem
1605 3270 1962 3384 lasciviae
2000 3279 2371 3367 carnalis
2411 3287 2893 3394 comperiret
2908 3347 2932 3387 ,
2991 3286 3351 3401 frigidae·

410 3423 514 3539 Je
569 3439 799 3534 aqvae
863 3419 1354 3529 inmtesge'ns
1368 3472 1394 3517 ‚
1452 3404 1875 3494 auxilium
1940 3408 2112 3494 Dei
2137 3467 2143 3478 -
2171 3413 2676 3524 imploravit.
2804 3417 2930 3506 En
2962 3419 3138 3506 heic
3162 3418 3328 3526 for·

435 3578 607 3646 tem
669 3553 844 3644 Dei
903 3550 1312 3638 athletam
1325 3612 1349 3654 ‚
1413 3574 1661 3659 qvam
1724 3549 2058 3661 egregie
2122 3552 2212 3635 in
2276 3555 2764 3663 qvotidiana
2809 3573 3095 3669 pugna
3137 3583 3325 3641 cum

431 3689 583 3773 hac
643 3687 977 3797 virgine
1050 3685 1376 3769 vixerit
1451 3702 1636 3772 tam
1700 3682 1943 3795 longo
2007 3699 2367 3796 tempore
2383 3748 2407 3790 ‚
2485 3716 2579 3776 eo
2598 3750 2621 3790 ‚
2683 3689 2898 3798 qvod
2947 3683 3332 3798 qvamvis

425 3816 866 3904 blanditii-s
936 3841 1120 3903 eam
1173 3813 1518 3925 flectere
1579 3814 1912 3900 licuerit
1928 3873 1952 3916 ‚
2015 3818 2345 3922 maluit,
2405 3818 2843 3908 clementia
2904 3821 3319 3931 Spriritus

428 3945 720 4042 Sancti
727 3944 1038 4055 fultus,
1061 3949 1364 4035 melius
1390 3950 1725 4069 eligere,
1773 3955 2325 4041 intemeratus
2351 3974 2629 4065 nempe
2667 3957 2951 4039 vivere
2967 4013 2993 4056 ‚
3059 3975 3328 4062 qvam,

427 4079 641 4236 qvod
707 4076 951 4165 licuit
970 4140 999 4186 ,
1087 4080 1302 4170 coire
1329 4141 1352 4187 ‚
1448 4078 1881 4191 perferunt
1961 4085 2186 4170 enim
2264 4087 2545 4201 ignem
2614 4085 2901 4172 carnis
2985 4083 3129 4194 qvi
3197 4081 3335 4168 ita

1748 4214 1844 4301 N
1860 4242 1919 4300 n
1932 4240 1994 4300 n
2063 4234 2115 4302 2
2465 4255 2470 4260 ·
2981 4222 3330 4362 faciunt
